2825 4709
257 379 376 460 Luni
401 378 468 462 iv.
494 401 546 459 nii
560 402 672 494 ¹vetui
698 381 875 463 Sieiitiir.
901 404 954 460 iti·
977 383 1108 462 Retio.
1150 329 1225 486 'lu

160 531 353 618 a'dodlrina
366 535 491 632 Del&
507 545 737 618 traditionem
758 567 880 619 veram
895 535 1127 638 reliquerunt.
1146 547 1219 624 sed

154 645 205 717 illi
226 666 352 718 onines
370 644 594 716 daemoniacis
611 644 793 718 fraudibus
811 647 958 730 irretiti,
985 668 1070 738 quas
1082 645 1218 740 prospi-

155 764 239 818 cere
258 745 439 836 dieavere
459 743 679 834 debuerant,
704 746 867 818 diuinum
884 766 1017 824 nomen
1033 743 1218 823 &cultum

154 866 222 939 per
236 843 505 935 imprudentiam
519 843 762 938 perdiderunt.
777 839 781 844 ’
817 843 909 918 Cuni
923 846 1016 920 euim
1034 841 1217 939 Phryges,

157 960 221 1014 aut
248 941 464 1036 Novatieui,
497 957 559 1014 aut
583 944 849 1032 Valentiniani,
883 959 946 1016 aut
973 945 1217 1040 Marcionita),

157 1056 220 1112 aut
232 1039 501 1132 unimodum,
527 1055 589 1114 aut
609 1037 758 1130 Ariani,
783 1040 842 1116 scii
861 1045 1012 1135 quilibet
1028 1044 1085 1116 alii
1100 1044 1218 1116 nomi·

154 1156 307 1230 uantur,
334 1137 520 1214 Christiani
537 1139 607 1214 eue
621 1142 820 1230 desierunt,
847 1145 905 1233 qui
922 1141 1049 1216 Christi
1065 1145 1216 1218 nomine
1243 1161 1246 1165 ’

155 1238 300 1324 amilio,
328 1239 479 1312 humana
498 1238 531 1310 dt
552 1255 700 1313 externa
720 1241 897 1313 vocabula
914 1241 1115 1315 induerunt.
1128 1242 1222 1326 Sola

151 1335 1214 1433 igiturCatbolicaEcclel‘iaest,ouaeverumcultumretinet.

231 1438 301 1509 Hie
318 1436 369 1510 est
381 1437 469 1540 fons
487 1439 674 1525 veritatis,
700 1442 773 1512 hoc
785 1439 1003 1513 domicilium
1014 1436 1119 1528 fidei,
1139 1444 1215 1512 lioc

155 1538 325 1626 templum
351 1536 440 1624 Dei,
469 1557 542 1628 quo
560 1537 583 1609 si
602 1538 678 1628 quis
692 1558 767 1609 non
783 1538 992 1626 intraverit,
1018 1540 1078 1610 vel
1097 1559 1117 1607 a
1136 1557 1214 1628 quo

114 1657 117 1662 ·
152 1633 178 1709 fi
200 1637 277 1726 quis
298 1636 520 1726 exiverit,·a
541 1633 600 1728 spe
616 1638 699 1708 vitae
720 1658 761 1709 ac
779 1635 896 1709 salutis
914 1648 1055 1710 aeternae
1075 1636 1213 1710 alienus

153 1733 216 1809 est.
268 1735 457 1809 Neminem
478 1736 540 1809 sibi
565 1752 720 1829 oportet
740 1736 914 1828 pertinaci
935 1738 1215 1810 concertatione

149 1833 312 1909 blandiri.
341 1833 469 1929 Agitur
487 1834 581 1908 euim
599 1836 645 1908 de
664 1837 739 1908 vita
760 1833 935 1908 &salutet
961 1837 1019 1907 ciii
1031 1836 1092 1908 uili
1105 1848 1213 1910 caute

152 1953 196 2006 at
215 1934 402 2032 diligenter
420 1934 644 2026 consulatur,
670 1933 834 2008 amilla'dt
852 1936 1008 2008 extincta
1024 1936 1101 2008 erit.
1139 1931 1214 2010 sul

151 2043 272 2103 tamen
287 2029 366 2121 quia
381 2031 503 2125 singuli
522 2034 651 2122 quique
661 2049 774 2105 coetus
788 2034 1036 2108 hereticorum
1054 2023 1211 2126 lepotil!

149 2128 559 2226 fimumflChristianon&
575 2127 669 2206 suain
687 2129 757 2205 elle
777 2129 1000 2206 catholicam
1012 2133 1210 2209 Ecclesiam

147 2242 296 2322 putant,
308 2229 311 2236 '
323 2225 500 2304 sciendum
519 2227 569 2302 est
583 2230 677 2305 illam
693 2230 762 2305 ess'e
781 2253 923 2321 veram,
937 2232 1209 2321 inquaestcon·

146 2328 248 2404 sellio
267 2329 299 2399 dt
320 2330 554 2425 punitentia,
581 2330 1051 2423 qiiaepeceata.&vulnera,
1078 2333 1207 2421 quibua

147 2426 301 2520 subjecta
320 2428 370 2501 est
387 2430 609 2502 imbecillitas
625 2433 760 2520 carnia,
787 2425 1092 2501 salubritercura't.
1116 2429 1211 2508 llice

144 2528 290 2602 interim
304 2527 654 2619 uiuus-admouendi
675 2528 786 2623 gratia
804 2527 929 2611 retuli,
956 2527 1092 2618 nequis
1106 2547 1215 2624 erem·

146 2648 225 2699 reni
244 2627 369 2722 fugere
384 2628 552 2717 cupiens,
577 2627 704 2717 majori
722 2626 925 2717 implicetur
944 2647 1093 2714 errore,
1120 2627 1207 2702 dum

146 2728 332 2821 penetrale
355 2722 518 2802 veritatis.
530 2724 683 2817 ignorat
729 2723 861 2800 Postea
878 2726 1015 2819 plenius
1035 2725 1068 2798 di
1088 2725 1213 2819 perle-=

147 2824 235 2898 enus
254 2839 382 2895 contra
399 2843 524 2895 omues
540 2823 805 2898 mendaciorum
821 2824 929 2898 uuas
945 2827 1096 2918 proprio
1108 2823 1205 2921 sepa·

144 2939 301 3012 ratoque
318 2941 431 3014 opere
450 2923 694 3018 pugnabimus.
726 2923 916 3016 Sequitur,
943 2938 1005 3014 ut,
1033 2927 1204 3016 quoniam

146 3021 227 3095 satis
247 3022 291 3093 de
313 3021 504 3118 Religione
523 3041 608 3096 vera
627 3021 660 3095 dt
676 3023 855 3115 Sapientia
873 3025 991 3114 locuti
1003 3022 1147 3118 sumus,
1162 3023 1209 3120 in,

142 3118 318 3220 proximo
330 3121 426 3198 libro
440 3117 636 3218 deJustitii
650 3120 864 3200 differamus„
1047 3125 1053 3134 '
1205 3123 1210 3174 ·'

501 3515 853 3588 m
