2825 4709
197 371 276 446 412.
295 349 730 432 Frate-Lucrum:
752 369 906 432 utura.
929 350 1194 430 Iusurruu.¹

198 525 274 590 utto
290 513 403 590 refert
410 521 427 606 ,'
447 528 614 590 utrumne
627 511 755 588 scortis
769 527 920 609 propter
934 513 1119 588 libidinem
1135 511 1258 608 largit·

197 633 253 706 re,
267 635 312 690 au
325 611 455 692 miseris
470 629 621 707 propter
634 614 906 688 humanitatem:
932 627 1050 686 utrum
1066 615 1259 704 pecuniam

197 725 296 788 tuam
316 713 567 806 perdutloree,
596 713 794 806 aleatores,
818 715 1042 810 lenonesque
1064 711 1257 803 diripiant:

197 813 349 888 anillam
363 814 487 906 pietati
498 831 545 886 ae
557 812 643 884 Deo
660 811 819 905 praestes:
843 827 1009 886 utrumne
1023 811 1124 886 illam
1138 810 1257 882 ventri
1294 889 1297 894 ,

198 931 242 986 ac
255 913 344 1008 gule
357 914 516 1008 ingeras,
542 932 586 984 an
601 909 637 983 in
653 909 817 984 thesauro
828 911 969 1004 justitie
980 929 1156 1002 reponas.
1207 908 1256 982 Ut

199 1031 288 1108 ergo
311 1011 437 1084 vitium
459 1010 529 1105 est,
553 1009 740 1086 effundere
762 1011 800 1083 in
821 1011 946 1086 malam
965 1023 1130 1112 neptem:
1156 1007 1206 1080 fic
1225 1007 1258 1080 in

198 1111 353 1198 bonam,
382 1111 506 1184 virtus.
557 1108 593 1182 Si
608 1110 724 1182 virtus
739 1109 812 1201 cst,
837 1130 914 1184 non
933 1090 1084 1202 parcdle
1107 1107 1254 1200 opibus,

195 1229 274 1302 que
290 1207 435 1302 poliunt
446 1210 665 1302 repererint
679 1208 833 1282 hominis
851 1210 963 1282 vitam
977 1207 1170 1299 sustentes,
1181 1227 1255 1298 qua

195 1308 352 1402 reparari
372 1327 458 1390 'non
490 1309 628 1402 potest:
661 1307 789 1382 vitium
812 1308 920 1405 igitur
944 1307 1173 1401 parcimonia
1198 1305 1254 1380 est.

198 1409 321 1506 Quare
341 1407 428 1480 nihil
449 1407 541 1480 aliud
556 1409 725 1497 dixerim,
750 1427 853 1500 quam
867 1407 1030 1500 insanos,
1056 1408 1123 1496 qui
1141 1406 1253 1480 homi·

197 1525 294 1599 uem,
310 1509 394 1580 mite
411 1525 453 1580 ac
467 1503 597 1582 sociale
612 1507 752 1598 animal,-
766 1509 899 1581 orbant
915 1505 979 1580 suo
992 1506 1170 1593 nomine:
1196 1503 1253 1596 qui

197 1607 326 1680 evulsis
350 1603 553 1698 affectibus,
579 1609 706 1698 quibus
729 1607 845 1680 otonis
866 1605 1006 1684 constat
1027 1605 1250 1696 humanitas,

194 1704 242 1780 ad·
262 1705 479 1778 immobilem
504 1703 693 1798 stuporem.
710 1707 839 1779 mentis
871 1707 1069 1799 perducere
1100 1705 1249 1778 volunt:

195 1805 279 1880 dam
295 1804 433 1878 student
448 1805 599 1878 animum
615 1804 944 1898 perturbationibus
960 1807 1138 1897 liberare,
1157 1803 1204 1895 δι,
1213 1815 1250 1875 ut

193 1905 256 1994 lpii
273 1905 417 1993 dicunt,
444 1904 601 1993 quietum
615 1901 912 1997 tranquillumque
927 1905 1091 1979 reddere.
1142 1901 1253 2001 Quod

147 2095 149 2100 ,
194 1999 274 2086 fieri
287 2021 364 2074 uon
378 2016 515 2078 tentum
531 2022 606 2076 non
621 2003 762 2097 potest,
788 2005 870 2094 quia
888 2005 942 2078 vis
960 2003 993 2076 u
1008 2006 1109 2076 ratio
1125 2004 1201 2094 ejus
1215 2003 1247 2074 in

193 2116 298 2178 motu
319 2100 387 2188 est:
412 2099 471 2174 sed
491 2121 538 2174 ne
559 2115 711 2192 oportet
734 2103 886 2194 quidem.
938 2103 1034 2201 Quia
1050 2102 1147 2176 ficut
1163 2122 1246 2192 aqua

186 2195 328 2292 ‚semper
341 2197 510 2292 jacens&
526 2200 834 2292 quietaiosalubris
850 2202 1005 2297 &magis
1022 2203 1170 2276 turbida
1185 2199 1247 2274 est:

90 2309 92 2314 '
118 2301 120 2306 ’
191 2297 240 2378 ste
253 2300 572 2374 animus-innotus
596 2320 636 2372 ac
651 2314 801 2393 torpens
821 2299 1022 2374 inutilisest
1039 2301 1245 2385 ariamini:

192 2420 264 2475 nec
286 2400 402 2474 vitam
417 2399 523 2492 ipsam
544 2401 636 2472 tueri
656 2401 813 2492 poterit,
841 2401 921 2492 quia
939 2421 1006 2472 nec
1023 2399 1140 2474 faciet
1154 2398 1245 2489 quid·

194 2519 386 2590 quam,nec
394 2499 582 2593 cogitabit:
608 2519 687 2573 cum
702 2500 879 2596 cogitatio
893 2498 965 2593 ipsa
979 2499 1067 2570 nihil
1086 2500 1183 2570 aliud
1197 2499 1246 2589 sit,

193 2619 297 2690 quam
311 2601 438 2670 mentis
454 2599 612 2692 agitatio.
656 2598 821 2690 Denique
837 2600 895 2690 qui
911 2601 1001 2670 hanc
1016 2598 1245 2671 immobilita·
1293 2658 1298 2690 Ι

192 2703 267 2794 tem
283 2695 566 2787 animiallerunt,
575 2697 718 2791 privare
734 2697 886 2770 animum
905 2698 981 2769 vita
994 2697 1152 2784 volunt:
1170 2699 1246 2785 quia
1296 2753 1299 2764 .

193 2797 270 2866 vita
284 2793 422 2868 aurosa
437 2795 508 2887 est,
521 2809 630 2874 mors
647 2796 777 2885 quieta.
829 2796 998 2894 Quaedam
1022 2796 1134 2869 etiam
1153 2793 1246 2867 recle
1295 2861 1299 2870 .

191 2914 260 2988 pro
272 2897 461 2968 virtutibus
470 2894 620 2968 habent:
646 2895 704 2968 sed
719 2916 838 2968 earum
854 2896 998 2968 modum
1013 2914 1092 2966 non
1110 2910 1244 2967 tenent
1293 2875 1299 2998 Ι

232 3047 235 3052 -
264 2995 390 3066 Virtus
407 2992 457 3066 est
470 2993 682 3066 constantia:
706 2993 1243 3084 nonutinferentibusinjuriam

191 3091 405 3182 refistamus3
422 3094 475 3168 his
490 3093 582 3165 enim
600 3094 796 3165 cedendum
814 3093 885 3180 est:
901 3093 997 3183 quod
1014 3113 1077 3164 cur
1092 3089 1174 3163 fieri
1189 3093 1243 3163 de·

190 3193 290 3280 beat,
303 3214 390 3267 mox
406 3193 564 3265 docebo:
590 3189 647 3264 sed
662 3206 703 3263 ut
714 3193 923 3283 jubentibus
936 3191 1142 3264 facerenos
1158 3213 1243 3264 con-

188 3301 246 3366 tra·
266 3292 334 3364 Dei
350 3294 463 3386 legem
482 3308 678 3379 contraque
693 3290 893 3382 jttstitiam,
905 3291 1009 3362 nullis
1026 3291 1156 3381 minis,
1184 3304 1240 3362 aut
1295 3339 1299 3401 i

188 3388 368 3484 suppliciis
383 3406 596 3479 terreamur,
624 3391 811 3479 quominus
834 3389 906 3464 Dei
924 3390 1111 3481 juffionem
1130 3389 1240 3463 homi·

188 3491 245 3566 nis
257 3490 394 3583 juiiioni
408 3489 643 3581 preferentis.
668 3487 759 3572 Item
774 3490 887 3561 virtus
903 3487 973 3581 est,
985 3500 1142 3562 mortem
1149 3499 1240 3560 eon·
1294 3402 1301 3572 ’

187 3603 366 3670 temnere:
392 3609 467 3660 non
481 3602 522 3659 ut
541 3600 767 3678 appetamus,
794 3609 940 3679 eamque
956 3589 1051 3658 ultro
1068 3588 1179 3660 uobis
1192 3590 1239 3658 in·

187 3687 365 3780 fuemus,
384 3688 473 3762 ficut
484 3685 780 3777 philosophorum
794 3689 933 3779 plurimi
948 3686 1138 3758 &maximi
1153 3685 1240 3779 saepe

186 3785 375 3872 fecerunt:
403 3789 499 3877 quod
526 3785 575 3858 est
599 3785 806 3857 sceleratum
832 3807 873 3857 ac
898 3785 1088 3857 nefarium:
1115 3783 1176 3856 sed
1201 3799 1240 3856 ut

188 3883 303 3958 coacti
319 3885 437 3958 Deum
454 3886 674 3974 relinquere,
700 3904 741 3954 ac
756 3880 861 3957 fidem
879 3885 1055 3976 prodere,
1083 3899 1238 3957 mortem

187 3982 362 4084 suscipere
375 3985 554 4078 malimus,
582 3984 854 4077 libertatemque
870 3983 1099 4060 defendamus
1115 3985 1240 4153 apocr·
1299 3938 1304 4027 Ι

236 4114 240 4121 ·
1038 4087 1041 4096 “
1148 4102 1189 4153 us
1300 4091 1305 4154 l

1301 4202 1331 4324 {a
