2825 4709
258 385 430 480 tmen
453 395 506 479 11.
531 419 591 475 ne
618 389 825 476 Onrcritr'
848 369 1058 481 innotus.
1113 375 1123 428 7
1158 377 1219 503 954

164 651 166 656 ,
220 563 370 643 Tradite
387 567 494 663 igitur
507 566 612 637 nobis
624 561 802 640 stellarum
817 557 1002 658 mysterii,
1027 573 1070 638 ut
1085 583 1161 638 aras
1171 565 1215 640 &³
1250 652 1254 672 Ι

143 673 280 761 templa
297 668 436 763 singulis
457 667 650 762 erigamus3
677 679 718 735 ut
737 661 906 756 sciamus,
935 684 1008 755 quo
1028 657 1218 756 quam'que'*
1317 665 1324 672 “

144 771 231 860 ritu,
250 768 396 861 quodie
412 768 585 858 colamus,
603 766 729 857 quibus
745 765 963 857 nominibus,
983 765 1109 856 quibus
1127 771 1215 859 pre-²

145 872 247 944 cibus
273 868 510 939 advocemus:
537 863 600 938 nis1
612 864 709 936 forte
728 865 828 936 nullo
850 861 1047 956 discrimine
1064 867 1219 958 tamin-a

141 969 399 1059 numerabiles,
421 967 494 1040 tam
509 965 668 1039 minutos
680 958 784 1036 Deos
800 964 994 1037 aceruatim
1008 966 1130 1038 colere
1145 967 1205 1038 de-

122 1070 280 1145 bemus.
310 1064 427 1168 Quid,
439 1067 536 1157 quod
554 1078 799 1160 argumentum
812 1061 920 1158 ¹illud,
936 1085 1008 1157 quo
1026 1067 1217 1164 colligunt·

141 1162 308 1243 uniuersa
323 1164 474 1239 coelestia
490 1164 592 1238 Deos
607 1160 689 1256 elle,
698 1162 735 1235 in
745 1163 963 1238 contrarium
972 1166 1081 1241 valet.
1106 1167 1214 1260 Nam,

142 1269 286 1344 s1Deos
302 1265 371 1339 esse
385 1266 522 1338 idcirco
538 1259 751 1357 opinantur,
769 1263 851 1354 quia
864 1277 983 1360 certos
999 1265 1213 1343 &rationu--

140 1370 232 1443 biles
252 1365 370 1439 cursus
384 1366 535 1457 habent,
562 1376 690 1436 errant.
742 1359 798 1434 Ex
821 1359 894 1435 hoc
916 1364 1010 1437 enim
1033 1381 1211 1462 apparet,

140 1465 246 1558 Deos
264 1460 448 1556 non‘effe,
476 1459 574 1556 quod
588 1461 793 1536 exorbitare
807 1463 913 1534 illis-a
930 1464 1130 1556 praestitutis
1145 1467 1215 1538 i'ti-·
1307 1507 1311 1517 ·

140 1569 287 1643 neribus
304 1585 380 1637 non
396 1566 492 1638 licet.
546 1557 721 1634 Caeterum
733 1559 758 1635 si
771 1557 832 1634 Dil
846 1556 979 1657 essent,
1005 1561 1076 1638 huc
1095 1580 1205 1657 atque

141 1669 228 1741 illuc
252 1664 368 1761 paffim
392 1665 464 1738 sme
479 1661 551 1763 ulla
571 1656 775 1735 necestitate
790 1656 909 1766 fernen
953 1685 991 1758 r,
1017 1666 1106 1740 sicut
1129 1667 1204 1740 ani·
1234 1705 1238 1710 ·

140 1782 280 1841 mantes
294 1766 330 1836 in
348 1779 461 1857 terra,
488 1780 635 1857 quarum
650 1758 731 1853 quia
743 1762 864 1836 liberae
880 1760 918 1836 su
945 1767 1209 1860 tvoluutates,

139 1853 214 1942 h'uc
231 1879 339 1956 atque
353 1865 438 1937 illuc
452 1876 650 2035 vagantur,
676 1874 721 1934 ut.
730 1858 834 1935 libuit
838 1913 859 1978 ἱ
883 1862 915 1936 dc
935 1883 1201 1960 quoquumque

139 1983 246 2042 mens
260 1965 423 2055 duxerit,
438 1984 484 2036 eo
513 1975 622 2036 ertur.
645 1957 737 2034 Non
751 1959 921 2059 elligitur
936 1963 1108 2045 astrorum
1122 1988 1201 2043 mo·
1310 2007 1313 2011 ·

139 2080 200 2139 tus
219 2065 468 2156 voluntarius,
495 2057 554 2135 sed
576 2054 921 2156 necessariamquia
934 2067 1137 2160 praestitutis
1151 2071 1212 2141 le··

140 2167 245 2262 gibus
265 2158 464 2256 officiisque
477 2159 692 2235 deserviunt.
743 2156 814 2235 Sed
838 2155 919 2250 curn
940 2157 1139 2261 disputaret'
1154 2159 1215 2243 de'

140 2265 300 2339 cursibus
314 2259 489 2353 siderum,
515 2277 606 2354 quos
623 2269 675 2333 'ex
697 2253 770 2353 ipsa
788 2275 906 2340 rerum
930 2285 971 2339 ac
994 2257 1212 2363 temporum

139 2364 381 2460 congruentia
396 2361 617 2458 intelligebat
631 2372 707 2433 non
724 2355 793 2436 ed'e
807 2357 1002 2459 fortuitos,
1028 2359 1214 2443 existima-²

137 2466 199 2561 nic
214 2462 442 2536 voluntarios
458 2459 549 2553 esse,
562 2475 729 2549 tanquam
747 2480 823 2533 non
839 2457 982 2555 poss'ent
996 2481 1068 2540 tam
1084 2461 1212 2561 dispo-j*

137 2563 218 2644 lite,
234 2577 306 2635 tam
328 2561 493 2633 ordinate
512 2562 674 2646 moveri,
701 2556 763 2631 nisr
777 2555 893 2633 sensus
905 2560 973 2635 illis
986 2559 1203 2642 inessetoffi-.

141 2663 187 2736 cii
204 2661 254 2736 sui
273 2660 395 2748 sciens.
423 2657 458 2732 O
483 2678 586 2751 quam
605 2655 753 2730 difficilis
771 2656 822 2731 est
838 2657 1200 2757 ignorantibus'veri·

140 2777 213 2856 tas,
228 2762 261 2835 δι
276 2782 377 2852 quam
395 2757 506 2833 facilis
524 2756 733 2831 scientibus!
758 2755 794 2830 Si
804 2773 940 2854 motus,
953 2765 1081 2862 inquit,
1091 2766 1199 2848 astro.

139 2883 221 2938 rum
241 2857 384 2933 fortuiti
401 2880 478 2932 non
499 2853 598 2950 sunt,
625 2856 712 2931 nibil
731 2857 825 2933 aliud
844 2860 970 2957 restat,
994 2866 1056 2941 nid
1074 2879 1115 2944 ut
1131 2893 1199 2949 vo-

138 2960 380 3050 luntariismt3
407 2959 644 3049 immovero,
670 2974 712 3030 ut
730 2977 808 3032 non
823 2957 892 3034 esse
905 2961 1078 3042 fortuitos
1091 2977 1200 3049 mani·

139 3059 267 3137 festum
283 3057 352 3151 est,
378 3061 427 3132 ita
444 3080 512 3131 nec
531 3057 771 3131 voluntarios.
822 3062 1022 3152 Quomodo
1039 3069 1146 3164 igitur
1161 3065 1213 3150 in'

140 3157 377 3235 conficiendis
388 3159 574 3231 itineribus
584 3155 815 3252 constantiam
830 3159 924 3236 suam
939 3163 1108 3244 servants
1133 3169 1201 3246 Ni·

140 3262 269 3338 mirum
288 3257 388 3332 Deus
403 3256 558 3332 universi
576 3257 704 3332 artifex
719 3257 766 3331 fic
779 3259 839 3331 illa
852 3257 1041 3357 disposuit,
1064 3264 1111 3341 src
1129 3291 1211 3354 ma·¹

143 3361 308 3436 chinatus
324 3355 436 3449 est,ut
453 3376 519 3452 per
535 3351 642 3451 spatia
661 3358 739 3430 coeli
755 3354 877 3433 divina
895 3359 929 3433 dc
945 3363 1137 3442 admirabili
1146 3390 1215 3470 ra,

141 3457 245 3546 tione
264 3459 519 3552 decurrerent,
545 3455 588 3530 ad
607 3452 808 3531 efficiendas
828 3455 1093 3541 litccedentium
1113 3482 1202 3546 tem.-

141 3567 273 3654 po'rum
296 3558 500 3636 varietates.
550 3553 610 3630 An
626 3555 860 3632 Archimedes
878 3560 1016 3637 Siculus
1031 3549 1214 3656 concavos

139 3679 207 3733 aere
223 3655 483 3746 similitudinem
499 3655 621 3730 mundi
637 3678 679 3730 ac
695 3654 842 3754 figuram
855 3663 978 3752 potuit
992 3653 1212 3765 machinari,

142 3760 180 3831 in
206 3780 280 3852 quo
303 3759 353 3840 ita
378 3755 488 3831 solem
507 3755 681 3856 &lunam
703 3758 927 3857 composuit,
954 3778 996 3836 ut
1011 3765 1200 3860 inaequales

141 3875 288 3953 motus,
315 3856 565 3931 &coelestibus
587 3855 712 3931 similes
740 3861 1035 3950 conversionibus
1061 3866 1201 3964 singulis

145 3958 240 4050 quasi
258 3960 381 4032 diebus
404 3954 605 4046 efficerent,
633 3956 672 4029 dt
684 3979 760 4034 non
774 3961 889 4038 modo
905 3967 948 4058 ac
991 3963 1059 4040 llus
1076 3963 1160 4042 solis
1169 3971 1212 4056 u,

141 4057 311 4168 recellas,
320 4061 608 4136 velincrementa
618 4055 948 4163 diminutionesque
970 4047 1221 4164 sumerum
1316 4137 1321 4143 .

1073 4173 1203 4258 edum.
