2825 4709
175 407 235 491 84Ι
271 395 407 472 Frnu.
433 393 714 470 Lucrinam
736 389 885 468 mutu.
910 387 1154 474 Insrrrur.

167 559 316 640 humum
336 555 453 629 vestra
467 551 596 646 sponte
611 551 876 647 procumbitis?
902 552 1011 628 Humi
1025 558 1116 629 enim
1126 533 1228 630 mise·

168 661 200 732 ri
215 656 447 741 volutamini,
474 673 553 726 cum
563 653 726 726 deorsum
736 653 912 747 quaeritis,
939 654 1228 746 quodinsublimi

170 777 329 849 quarere
344 750 522 828 debuistis.
566 751 660 825 Nam
672 751 735 846 iila
749 754 953 827 mortalium
966 754 1156 851 digitorum
1172 758 1225 830 lu·

169 857 267 930 dicra
286 855 468 948 &fragilia
484 848 673 948 figmenta,
700 873 745 924 ex
762 854 1085 943 quolibetmateriae
1094 875 1225 950 genere

168 955 337 1047 formata,
359 953 443 1046 quid
460 952 554 1023 aliud
566 950 660 1043 sunt,
677 950 739 1024 nisi
753 966 868 1044 terra,
896 972 1017 1041 exqua
1029 952 1225 1025 natasuntl

170 1055 270 1153 Quid
289 1074 377 1149 ergo
394 1053 501 1124 rebus
518 1048 748 1138 inferioribus
764 1050 976 1144 subjacetis?
1004 1052 1087 1144 quid
1105 1053 1227 1145 capiti·

168 1155 236 1250 bus
257 1152 381 1224 vestris
392 1164 521 1223 terram
532 1147 796 1242 superponitis?
822 1149 912 1222 Cum
928 1153 1020 1224 enim
1039 1172 1109 1223 vos
1123 1167 1228 1224 terrae

168 1250 395 1342 submittitis,
421 1249 700 1342 humilioresque
720 1247 855 1341 facitis,
880 1249 942 1344 ipsi
966 1271 1036 1323 vos
1060 1259 1159 1323 ultro
1184 1251 1228 1324 ad

106 1371 109 1387 ⁴
166 1349 305 1424 inferos
323 1350 501 1445 mergitis,
528 1348 571 1420 ad
587 1363 813 1439 mortemque
829 1347 1022 1442 damnatis,
1049 1350 1228 1442 quianibil

167 1464 265 1522 terra
279 1448 426 1522 inferius
442 1448 476 1521 dt
491 1448 676 1541 humilius,
702 1448 763 1521 nisi
780 1468 877 1520 mors
893 1447 1055 1525 &inferi
1098 1449 1228 1548 Quaesr

87 1545 118 1572 '‘
168 1547 330 1643 effugere
356 1550 523 1639 velletis,
558 1545 745 1639 subjedtam
770 1547 919 1639 pedibus
945 1547 1070 1621 vestris
1096 1561 1230 1623 terram

143 1651 149 1665 ’
168 1649 472 1739 contemneretis,
489 1650 653 1738 corporis
668 1644 762 1717 statu
776 1645 895 1719 salvo:
921 1647 1019 1736 quod
1030 1647 1231 1721 idcircore·

168 1747 262 1820 ctum
279 1746 485 1840 accepistis,
508 1766 581 1835 quo
601 1747 731 1817 oculos
753 1759 859 1837 atque
878 1762 1033 1820 mentem
1058 1768 1137 1820 cum
1163 1769 1226 1839 eo,

85 1916 89 1945 ι
168 1848 228 1939 qui
244 1847 352 1937 fecit,
381 1843 549 1917 conferre
563 1844 709 1939 pollitis.
736 1842 980 1918 Contemnere
989 1848 1227 1919 autemdacal·

168 1966 251 2017 care
276 1962 405 2017 terram
426 1944 514 2016 nibil
528 1944 622 2016 aliud
638 1942 709 2038 est,
736 1963 840 2036 quam
853 1943 1034 2019 {imulacra
1047 1967 1123 2019 non
1141 1947 1227 2026 ado-

167 2066 270 2134 rare,
298 2043 436 2133 quiade
452 2058 548 2115 terra
563 2039 759 2132 flua-sunu
786 2044 872 2118 item
890 2041 1031 2116 divitias
1046 2065 1122 2117 non
1139 2066 1227 2118 con·
1270 2113 1276 2126 ,

169 2142 370 2235 cupiscere,
389 2145 596 2237 voluptates
613 2144 777 2235 corporis
793 2141 978 2235 spernere,
999 2145 1079 2233 quia
1090 2166 1178 2237 opes
1191 2144 1227 2216 dc

169 2264 303 2334 corpus
319 2240 450 2335 ipsum,
478 2240 751 2335 cujushospitio
768 2242 922 2334 utimur,
948 2255 1043 2314 terra
1060 2243 1120 2319 est.
1159 2243 1227 2315 Vi·

167 2362 255 2414 vum
273 2344 403 2432 colite,
429 2357 470 2413 ut
486 2344 639 2428 vivatisa
665 2344 838 2413 moriatur
846 2343 938 2414 enim
948 2340 1087 2416 necelle
1098 2341 1225 2438 est,qui

168 2441 203 2514 se
220 2440 384 2533 suamque
400 2444 547 2514 animam
562 2441 714 2515 mortuis
733 2440 961 2531 adjudicavit.

495 2749 763 2897 cneus
793 2711 896 2859 ¹111.

189 2924 284 3034 'Quod
297 2943 411 3029 Cicero,
424 2939 540 3035 aliique
550 2935 699 3010 latitares
707 2957 930 3036 metaverant,
951 2967 1014 3015 nan
1027 2944 1209 3060 auertendo,

541 3040 667 3137 populos
679 3041 716 3110 ab
729 3056 842 3113 errore.

168 3238 265 3417 Sed
280 3236 363 3331 quid
379 3234 537 3331 prodest,
551 3236 594 3310 ad
610 3239 737 3333 vulgus
753 3236 786 3309 δι
803 3238 844 3308 ad
859 3234 1022 3310 homines
1036 3238 1221 3330 imperitos

243 3340 316 3411 hoc
329 3336 440 3411 modo
457 3335 691 3408 concionari?
718 3356 800 3410 cum
825 3335 1009 3409 videamus
1032 3337 1136 3411 etiam
1157 3336 1222 3409 do·

167 3438 243 3510 &tos
269 3439 301 3509 bt
325 3437 517 3530 prudentes
543 3437 665 3526 viros,
693 3456 772 3508 cum
790 3437 1005 3532 religionum
1024 3439 1221 3532 intelligant

167 3539 384 3626 vanitatem,
410 3534 638 3607 nibilominus
654 3549 773 3608 tamen
790 3536 827 3608 in
842 3536 884 3608 iis
900 3536 1000 3628 ipsis,
1028 3558 1103 3629 quae
1126 3536 1222 3607 dam*

164 3650 272 3729 nant,
300 3633 460 3707 colendis
475 3630 595 3706 nescio
613 3653 681 3722 qua
692 3634 873 3723 pravitate
884 3634 1050 3729 perstare.
1087 3633 1220 3706 Intelli-

166 3737 274 3829 gebat
289 3734 417 3805 Cicero
431 3729 516 3803 falso
529 3728 620 3823 elle,
634 3752 722 3822 :quae
733 3734 896 3806 homines
908 3734 1109 3807 adorarent.
1122 3732 1219 3809 Nam

167 3853 248 3905 cum
257 3828 674 3921 mtrltadixiiieuquaetad
693 3832 916 3906 everlionem
932 3833 1144 3925 religionum
1158 3854 1219 3905 va·

165 3935 302 4025 lerent,
329 3933 378 4003 ait
390 3944 623 4019 tamen,non·
636 3928 705 4002 elic
719 3932 778 4001 illa
795 3934 907 4026 vulgo
920 3930 1145 4021 disputanda,
1170 3953 1218 4005 ne

165 4029 338 4128 susceptas
352 4028 700 4126 publicereligicues
714 4028 905 4123 disputatio
921 4030 1000 4102 talis
1017 4031 1215 4123 extinguat.
1236 4050 1238 4054 ’

543 4127 545 4132 ’
595 4148 598 4155 ·
1053 4129 1166 4227 Quod
