2825 4709
177 315 249 430 ses
273 336 717 430 multassent
739 355 891 420 nisis.
914 335 1163 464 innatant.

176 499 269 584 illud
280 503 360 580 satis
376 502 427 578 est
440 504 482 578 ad
494 501 759 600 coarguendum
768 502 891 578 itnioli
901 502 1244 600 hominisenorem',

178 605 278 698 quod
296 606 390 679 inter
408 606 497 702 vitia
510 607 553 680 dt
564 607 716 698 morbos
732 602 1009 690 misericordiam
1027 607 1244 697 ponitndi·

177 706 245 798 mit
259 706 366 780 nobis
382 701 566 798 effebum,
593 703 666 797 q'uo
682 701 777 778 tatic
791 704 953 778 humane
964 704 1050 777 vitm
1060 725 1150 797 pene
1161 727 1242 782 om·

176 806 235 882 nis
251 808 470 888 continetur.
496 802 587 880 Cum
603 806 697 880 enim
713 817 841 879 natuta
856 803 1012 879 hominis
1025 805 1241 882 imbecillior

176 905 241 995 tlt,
269 927 372 996 quam
390 919 602 979 ceterorum
616 905 837 995 animalium,
863 923 941 996 quaa
966 905 1028 976 vel
1054 906 1099 977 ad
1124 906 1241 998 perie-

177 1005 325 1080 rendam
340 1006 414 1078 vim
431 1017 657 1098 temporum,
684 1005 753 1078 vel-
762 1004 805 1077 ad
820 1003 1145 1077 incursionesasuis
1156 1025 1241 1088 cor·

175 1105 329 1202 poribus
353 1104 544 1196 arcendas,
568 1104 788 1180 ntturalibus
802 1104 1030 1188 munimentis
1046 1105 1244 1198 providen-

176 1206 229 1280 tis
243 1202 392 1280 caelestis
412 1203 581 1278 armavit:
606 1203 744 1279 bomini
758 1216 877 1278 autem
892 1204 974 1296 quia
990 1204 1077 1277 nihil
1090 1203 1242 1283 istorum

174 1303 300 1396 datum
326 1303 401 1397 est„
427 1305 569 1399 accepit
582 1323 650 1398 pro
666 1301 739 1386 illis
753 1301 1172 1398 omnibus-miserationis
1191 1306 1243 1380 af»

174 1401 415 1496 {etlumen
428 1403 940 1496 plane-vocatut-hutnanitas,
960 1408 1244 1496 quanosmetin-

164 1503 296 1580 ‘vicem
312 1516 505 1594 tueremun
516 1503 648 1584 Nam-fi
664 1505 779 1578 homo
796 1501 841 1579 ad
853 1499 1079 1596 conspetlum
1092 1506 1240 1582 alterius

172 1601 331 1684 bominis
349 1601 580 1694 efferaretur,
595 1603 694 1698 quod
708 1603 830 1682 facere
846 1602 1014 1703 videmus
1026 1605 1241 1700 animantes,

175 1723 326 1796 quarum
350 1719 477 1782 natura
497 1700 655 1802 solivaga
670 1701 742 1794 est,
766 1703 864 1776 nulla
877 1699 965 1778 eilet
980 1702 1164 1778 hominum
1183 1702 1240 1777 so·

175 1805 304 1896 cletas,
319 1806 418 1880 nulla
431 1804 574 1888 urbium¹
591 1803 858 1896 ¹condendarum
873 1804 934 1876 vel
949 1821 1048 1894 cura,
1059 1804 1238 1882 velratio.

175 1899 237 2004 ¹Sic
249 1923 371 1996 neque
379 1905 458 1980 vita
471 1899 710 1995 quidem-satis
724 1916 821 1986 tuta,
840 1921 931 1996 cum
950 1901 1143 1992 &ceteris
1164 1905 1241 1978 ani·

175 2003 328 2078 malibus
344 2001 617 2094 expolita-eliet
634 2003 860 2096 imbecillitas
882 2001 1090 2096 hominum,
1116 2002 1162 2078 dt.
1175 2003 1240 2098 ipli

173 2085 271 2190 inter
286 2095 702 2196 semetipsos-bellnam
717 2100 1239 2196 motesaevirent.Nonminor

173 2203 302 2294 inaliis
320 2201 511 2290 dementia.
630 2231 632 2236 ·
679 2283 731 2294 ...
780 2231 803 2292 '.
936 2294 941 2303 .

250 2301 350 2402 Quid
363 2305 459 2380 enim
469 2302 543 2379 ¹<lici
561 2300 682 2395 potest
696 2302 742 2378 de
755 2303 836 2395 illo,
852 2302 910 2395 qui
919 2302 1056 2400 nigram
1067 2301 1157 2379 dixit
1164 2300 1238 2377 elie

172 2400 325 2480 nivem?
352 2424 455 2496 quam
473 2401 693 2493 consequens
712 2417 803 2496 erat,
813 2417 854 2475 ut
870 2403 976 2476 etism
992 2403 1109 2495 picem
1119 2403 1238 2480 albam

86 2524 87 2527 ’
173 2501 246 2606 else
262 2503 409 2580 diceret.
434 2503 504 2580 Hic
517 2500 568 2578 est
581 2505 665 2594 ille,¹
686 2505 746 2595 qui
762 2503 796 2577 se
813 2504 950 2577 idcirco
964 2518 1087 2577 natum
1099 2500 1169 2577 effe
1187 2503 1240 2576 di·

173 2604 305 2683 cebat,
329 2620 372 2694 ut
391 2605 519 2678 coelum
539 2624 581 2677 ac
596 2604 707 2678 solem
725 2604 888 2696 videret,
916 2603 1024 2693 quiin
1041 2603 1238 2680 terranihil

172 2702 324 2774 videbat
338 2699 414 2775 sole
428 2703 585 2779 lucente.
615 2704 859 2797 Xenophanes
874 2702 1076 2778 dicentibus
1091 2700 1239 2778 Mathe·

172 2800 313 2878 anaticis
334 2802 462 2888 otbem
485 2802 578 2874 lunae
603 2800 854 2899 duodeviginti
878 2803 1040 2899 partibus
1061 2804 1238 2895 majorem

172 2895 265 2990 elie,
291 2919 395 2992 quam
410 2914 562 2990 terram,
588 2899 780 2982 stultillime
795 2902 968 2991 credidit3
994 2902 1238 2993 &quodhnic

171 2999 315 3094 levitati
338 2996 409 3074 l'uit
433 2995 733 3090 consentaneum,
765 3000 873 3090 dixit,
908 3002 1002 3076 intra
1027 3022 1237 3082 concavum

171 3099 266 3177 lunae
280 3098 390 3174 linum
405 3097 476 3174 elle
493 3100 594 3175 aliam
609 3114 763 3194 terram,
791 3100 825 3174 dt
845 3101 895 3176 ibi
915 3101 1011 3184 aliud
1033 3123 1146 3195 genus
1167 3103 1237 3176 ho·

170 3198 306 3276 minum
320 3199 416 3273 simili
431 3201 544 3273 modo
558 3202 706 3292 vivere,
724 3221 798 3293 quo
812 3222 882 3282 nos
896 3201 932 3274 in
948 3202 1015 3275 hac
1029 3216 1124 3275 terta
1138 3202 1237 3274 vivi·

169 3319 262 3376 mus.
289 3297 546 3397 Habentigitur
557 3301 761 3375 illilunatici
770 3301 932 3376 homines
941 3302 1088 3377 alteram
1097 3303 1235 3398 lunam,

170 3381 250 3491 qtiae
263 3395 330 3470 illis
343 3398 557 3474 noeturnum
578 3402 696 3473 lumen
717 3401 906 3491 exhibeat,
933 3400 1021 3487 sicut
1038 3402 1114 3474 hec
1133 3402 1235 3474 exhi·

169 3498 357 3574 betnobis.
373 3496 420 3571 Et
436 3497 582 3572 fortass‘e
597 3498 718 3584 noster
734 3500 793 3573 hic
809 3500 910 3572 orbis
924 3500 1068 3574 alterius
1084 3499 1235 3576 inferio·

168 3598 217 3669 ris
234 3611 338 3669 terrae
354 3599 438 3670 luna
451 3598 502 3672 sit.
528 3596 644 3672 Fuille
660 3598 796 3676 Seneca
808 3599 903 3671 inter
918 3599 1063 3674 Stoicos
1080 3601 1151 3690 ait,
1171 3600 1232 3694 qni

169 3696 397 3786 deliberaret,
411 3709 577 3780 utrumne
592 3696 669 3770 Soli
686 3719 832 3800 quoque
845 3697 927 3771 suos
939 3701 1097 3793 populos
1112 3698 1231 3773 dareta

167 3793 1232 3991 {ildesindididimi{liiisssstssdiildiiliisitll

166 3994 355 4069 titudinem
366 3949 529 4088 peri'culo
539 3949 1231 4091 co'mmitteret;nefiaestuniniopenlss

165 4079 257 4196 ient,
266 4096 371 4189 ipsius
384 4095 488 4191 culpa
497 4095 654 4172 evenille
666 4111 766 4202 tanta
774 4083 954 4173 calamitas¹
962 4097 1161 4269 diceretis}i
