<?xml version="1.0" encoding="UTF-8"?>
<!DOCTYPE html PUBLIC "-//W3C//DTD XHTML 1.0 Transitional//EN"
    "http://www.w3.org/TR/xhtml1/DTD/xhtml1-transitional.dtd">
<html xmlns="http://www.w3.org/1999/xhtml" xml:lang="en" lang="en">
 <head>
  <title>
</title>
<meta http-equiv="Content-Type" content="text/html;charset=utf-8" />
  <meta name='ocr-system' content='tesseract 3.04.00' />
  <meta name='ocr-capabilities' content='ocr_page ocr_carea ocr_par ocr_line ocrx_word'/>
</head>
<body>
  <div class='ocr_page' id='page_1' title='image "./operaomniasanct07librgoog_0453.png"; bbox 0 0 2825 4709; ppageno 0'>
   <div class='ocr_carea' id='block_1_1' title="bbox 343 344 1229 453">
    <p class='ocr_par' dir='ltr' id='par_1_1' title="bbox 343 344 1229 453">
     <span class='ocr_line' id='line_1_1' title="bbox 343 344 1229 453; baseline 0.003 -29"><span class='ocrx_word' id='word_1_1' title='bbox 343 344 602 426; x_wconf 80' lang='lat' dir='ltr'>LisaaVI.</span> <span class='ocrx_word' id='word_1_2' title='bbox 627 366 847 424; x_wconf 76' lang='lat' dir='ltr'>nauseo</span> <span class='ocrx_word' id='word_1_3' title='bbox 872 345 1053 426; x_wconf 75' lang='lat' dir='ltr'>Cui-,ru</span> <span class='ocrx_word' id='word_1_4' title='bbox 1155 357 1229 453; x_wconf 74' lang='lat'>369</span> 
     </span>
    </p>
   </div>
   <div class='ocr_carea' id='block_1_2' title="bbox 165 503 1325 4094">
    <p class='ocr_par' dir='ltr' id='par_1_2' title="bbox 165 503 1229 1494">
     <span class='ocr_line' id='line_1_2' title="bbox 168 503 1228 610; baseline 0.005 -27"><span class='ocrx_word' id='word_1_5' title='bbox 168 511 262 607; x_wconf 76' lang='lat' dir='ltr'>Qua</span> <span class='ocrx_word' id='word_1_6' title='bbox 279 503 400 582; x_wconf 87' lang='lat' dir='ltr'>omnia</span> <span class='ocrx_word' id='word_1_7' title='bbox 418 531 464 582; x_wconf 91' lang='lat' dir='ltr'>eo</span> <span class='ocrx_word' id='word_1_8' title='bbox 483 507 732 602; x_wconf 87' lang='lat' dir='ltr'>proferuntur,</span> <span class='ocrx_word' id='word_1_9' title='bbox 742 522 784 582; x_wconf 93' lang='lat' dir='ltr'>ut</span> <span class='ocrx_word' id='word_1_10' title='bbox 797 524 964 610; x_wconf 81' lang='lat' dir='ltr'>appareat</span> <span class='ocrx_word' id='word_1_11' title='bbox 978 512 1016 584; x_wconf 92' lang='lat' dir='ltr'>in</span> <span class='ocrx_word' id='word_1_12' title='bbox 1033 511 1228 588; x_wconf 82' lang='lat' dir='ltr'>virtutibus</span> 
     </span>
     <span class='ocr_line' id='line_1_3' title="bbox 169 606 1227 703; baseline 0.007 -21"><span class='ocrx_word' id='word_1_13' title='bbox 169 610 350 703; x_wconf 86' lang='lat' dir='ltr'>capiendis</span> <span class='ocrx_word' id='word_1_14' title='bbox 377 611 519 682; x_wconf 90' lang='lat' dir='ltr'>labores</span> <span class='ocrx_word' id='word_1_15' title='bbox 545 606 615 682; x_wconf 88' lang='lat' dir='ltr'>esse</span> <span class='ocrx_word' id='word_1_16' title='bbox 637 610 832 702; x_wconf 86' lang='lat' dir='ltr'>maximos,</span> <span class='ocrx_word' id='word_1_17' title='bbox 857 611 894 683; x_wconf 91' lang='lat' dir='ltr'>in</span> <span class='ocrx_word' id='word_1_18' title='bbox 911 611 1090 703; x_wconf 86' lang='lat' dir='ltr'>perceptis</span> <span class='ocrx_word' id='word_1_19' title='bbox 1107 627 1227 689; x_wconf 87' lang='lat' dir='ltr'>autem</span> 
     </span>
     <span class='ocr_line' id='line_1_4' title="bbox 166 705 1229 806; baseline 0.001 -24"><span class='ocrx_word' id='word_1_20' title='bbox 166 712 344 782; x_wconf 86' lang='lat' dir='ltr'>maximos</span> <span class='ocrx_word' id='word_1_21' title='bbox 361 706 513 800; x_wconf 71' lang='lat' dir='ltr'>fruetus,</span> <span class='ocrx_word' id='word_1_22' title='bbox 541 708 574 780; x_wconf 82' lang='lat' dir='ltr'>de</span> <span class='ocrx_word' id='word_1_23' title='bbox 592 705 719 782; x_wconf 90' lang='lat' dir='ltr'>solidas</span> <span class='ocrx_word' id='word_1_24' title='bbox 735 721 842 800; x_wconf 90' lang='lat' dir='ltr'>atque</span> <span class='ocrx_word' id='word_1_25' title='bbox 855 709 1082 803; x_wconf 88' lang='lat' dir='ltr'>incorruptas</span> <span class='ocrx_word' id='word_1_26' title='bbox 1097 713 1229 806; x_wconf 89' lang='lat' dir='ltr'>volup·</span> 
     </span>
     <span class='ocr_line' id='line_1_5' title="bbox 167 806 1226 898; baseline 0.005 -19"><span class='ocrx_word' id='word_1_27' title='bbox 167 821 279 880; x_wconf 89' lang='lat' dir='ltr'>tates:</span> <span class='ocrx_word' id='word_1_28' title='bbox 306 808 394 879; x_wconf 90' lang='lat' dir='ltr'>vitia</span> <span class='ocrx_word' id='word_1_29' title='bbox 411 828 504 878; x_wconf 89' lang='lat' dir='ltr'>vero</span> <span class='ocrx_word' id='word_1_30' title='bbox 526 807 734 898; x_wconf 88' lang='lat' dir='ltr'>quibusdam</span> <span class='ocrx_word' id='word_1_31' title='bbox 750 806 988 884; x_wconf 75' lang='lat' dir='ltr'><strong>delinimentis</strong></span> <span class='ocrx_word' id='word_1_32' title='bbox 1005 811 1226 884; x_wconf 87' lang='lat' dir='ltr'>naturalibus</span> 
     </span>
     <span class='ocr_line' id='line_1_6' title="bbox 166 906 1227 1000; baseline 0.006 -22"><span class='ocrx_word' id='word_1_33' title='bbox 166 909 304 980; x_wconf 85' lang='lat' dir='ltr'>illicere</span> <span class='ocrx_word' id='word_1_34' title='bbox 329 907 465 982; x_wconf 86' lang='lat' dir='ltr'>animos</span> <span class='ocrx_word' id='word_1_35' title='bbox 490 906 701 998; x_wconf 90' lang='lat' dir='ltr'>hominum,</span> <span class='ocrx_word' id='word_1_36' title='bbox 729 907 764 979; x_wconf 81' lang='lat' dir='ltr'>u</span> <span class='ocrx_word' id='word_1_37' title='bbox 786 909 942 982; x_wconf 89' lang='lat' dir='ltr'>inanium</span> <span class='ocrx_word' id='word_1_38' title='bbox 961 909 1227 1000; x_wconf 81' lang='lat' dir='ltr'>jucunditatum</span> 
     </span>
     <span class='ocr_line' id='line_1_7' title="bbox 166 1005 1229 1104; baseline 0.003 -26"><span class='ocrx_word' id='word_1_39' title='bbox 166 1005 284 1097; x_wconf 88' lang='lat' dir='ltr'>specie</span> <span class='ocrx_word' id='word_1_40' title='bbox 300 1018 427 1098; x_wconf 90' lang='lat' dir='ltr'>captos</span> <span class='ocrx_word' id='word_1_41' title='bbox 445 1007 488 1079; x_wconf 91' lang='lat' dir='ltr'>ad</span> <span class='ocrx_word' id='word_1_42' title='bbox 503 1011 647 1079; x_wconf 88' lang='lat' dir='ltr'>acerbas</span> <span class='ocrx_word' id='word_1_43' title='bbox 657 1007 906 1082; x_wconf 90' lang='lat' dir='ltr'>amaritudines</span> <span class='ocrx_word' id='word_1_44' title='bbox 915 1007 1139 1100; x_wconf 87' lang='lat' dir='ltr'>miseriasque</span> <span class='ocrx_word' id='word_1_45' title='bbox 1149 1029 1229 1104; x_wconf 88' lang='lat' dir='ltr'>per·</span> 
     </span>
     <span class='ocr_line' id='line_1_8' title="bbox 169 1103 1229 1202; baseline 0.006 -26"><span class='ocrx_word' id='word_1_46' title='bbox 169 1107 313 1184; x_wconf 87' lang='lat' dir='ltr'>ducere.</span> <span class='ocrx_word' id='word_1_47' title='bbox 345 1103 491 1199; x_wconf 85' lang='lat' dir='ltr'>Sapiens</span> <span class='ocrx_word' id='word_1_48' title='bbox 505 1104 648 1198; x_wconf 91' lang='lat' dir='ltr'>prorsus</span> <span class='ocrx_word' id='word_1_49' title='bbox 665 1105 880 1199; x_wconf 88' lang='lat' dir='ltr'>disputatio,</span> <span class='ocrx_word' id='word_1_50' title='bbox 906 1108 1122 1181; x_wconf 88' lang='lat' dir='ltr'>sivirtutum</span> <span class='ocrx_word' id='word_1_51' title='bbox 1140 1105 1229 1202; x_wconf 88' lang='lat' dir='ltr'>ipsa·</span> 
     </span>
     <span class='ocr_line' id='line_1_9' title="bbox 165 1203 1228 1296; baseline 0.008 -22"><span class='ocrx_word' id='word_1_52' title='bbox 165 1224 246 1276; x_wconf 91' lang='lat' dir='ltr'>rum</span> <span class='ocrx_word' id='word_1_53' title='bbox 259 1203 391 1276; x_wconf 85' lang='lat' dir='ltr'>formas</span> <span class='ocrx_word' id='word_1_54' title='bbox 408 1222 515 1296; x_wconf 91' lang='lat' dir='ltr'>atque</span> <span class='ocrx_word' id='word_1_55' title='bbox 531 1206 703 1280; x_wconf 91' lang='lat' dir='ltr'>terminos</span> <span class='ocrx_word' id='word_1_56' title='bbox 721 1204 861 1281; x_wconf 89' lang='lat' dir='ltr'>scirent.</span> <span class='ocrx_word' id='word_1_57' title='bbox 885 1206 977 1280; x_wconf 90' lang='lat' dir='ltr'>Nou</span> <span class='ocrx_word' id='word_1_58' title='bbox 992 1207 1084 1281; x_wconf 92' lang='lat' dir='ltr'>enim</span> <span class='ocrx_word' id='word_1_59' title='bbox 1095 1208 1228 1282; x_wconf 87' lang='lat' dir='ltr'>didice-</span> 
     </span>
     <span class='ocr_line' id='line_1_10' title="bbox 168 1304 1229 1396; baseline 0.01 -24"><span class='ocrx_word' id='word_1_60' title='bbox 168 1318 269 1394; x_wconf 86' lang='lat' dir='ltr'>rant,</span> <span class='ocrx_word' id='word_1_61' title='bbox 295 1305 356 1376; x_wconf 91' lang='lat' dir='ltr'>vel</span> <span class='ocrx_word' id='word_1_62' title='bbox 372 1325 449 1396; x_wconf 88' lang='lat' dir='ltr'>quae</span> <span class='ocrx_word' id='word_1_63' title='bbox 464 1304 553 1396; x_wconf 86' lang='lat' dir='ltr'>fint,</span> <span class='ocrx_word' id='word_1_64' title='bbox 579 1306 641 1388; x_wconf 84' lang='lat' dir='ltr'>vel</span> <span class='ocrx_word' id='word_1_65' title='bbox 656 1305 740 1396; x_wconf 81' lang='lat' dir='ltr'>q‘uid</span> <span class='ocrx_word' id='word_1_66' title='bbox 756 1326 814 1376; x_wconf 90' lang='lat' dir='ltr'>eas</span> <span class='ocrx_word' id='word_1_67' title='bbox 830 1307 1039 1388; x_wconf 81' lang='lat' dir='ltr'>mercedisa</span> <span class='ocrx_word' id='word_1_68' title='bbox 1055 1306 1143 1380; x_wconf 87' lang='lat' dir='ltr'>Deo&#39;</span> <span class='ocrx_word' id='word_1_69' title='bbox 1155 1330 1229 1383; x_wconf 88' lang='lat' dir='ltr'>ma·</span> 
     </span>
     <span class='ocr_line' id='line_1_11' title="bbox 168 1403 1065 1494; baseline 0.002 -18"><span class='ocrx_word' id='word_1_70' title='bbox 168 1418 274 1491; x_wconf 82' lang='lat' dir='ltr'>neat3</span> <span class='ocrx_word' id='word_1_71' title='bbox 302 1405 400 1494; x_wconf 93' lang='lat' dir='ltr'>quod</span> <span class='ocrx_word' id='word_1_72' title='bbox 416 1405 554 1477; x_wconf 85' lang='lat' dir='ltr'>nos&#39;his</span> <span class='ocrx_word' id='word_1_73' title='bbox 572 1403 713 1475; x_wconf 88' lang='lat' dir='ltr'>duobus</span> <span class='ocrx_word' id='word_1_74' title='bbox 729 1405 826 1476; x_wconf 88' lang='lat' dir='ltr'>libris</span> <span class='ocrx_word' id='word_1_75' title='bbox 842 1405 1065 1478; x_wconf 87' lang='lat' dir='ltr'>docebimus.</span> 
     </span>
    </p>

    <p class='ocr_par' dir='ltr' id='par_1_3' title="bbox 166 1502 1228 2289">
     <span class='ocr_line' id='line_1_12' title="bbox 245 1502 1228 1597; baseline 0.007 -23"><span class='ocrx_word' id='word_1_76' title='bbox 245 1503 292 1574; x_wconf 90' lang='lat' dir='ltr'>Hi</span> <span class='ocrx_word' id='word_1_77' title='bbox 312 1524 426 1594; x_wconf 91' lang='lat' dir='ltr'>vero,</span> <span class='ocrx_word' id='word_1_78' title='bbox 453 1505 533 1594; x_wconf 91' lang='lat' dir='ltr'>quia</span> <span class='ocrx_word' id='word_1_79' title='bbox 545 1502 758 1597; x_wconf 88' lang='lat' dir='ltr'>ignorabant</span> <span class='ocrx_word' id='word_1_80' title='bbox 772 1516 834 1576; x_wconf 89' lang='lat' dir='ltr'>aut</span> <span class='ocrx_word' id='word_1_81' title='bbox 850 1503 1079 1593; x_wconf 87' lang='lat' dir='ltr'>dubitabant,</span> <span class='ocrx_word' id='word_1_82' title='bbox 1095 1508 1228 1582; x_wconf 85' lang='lat' dir='ltr'>animas</span> 
     </span>
     <span class='ocr_line' id='line_1_13' title="bbox 166 1600 1228 1697; baseline 0.001 -19"><span class='ocrx_word' id='word_1_83' title='bbox 166 1603 353 1678; x_wconf 92' lang='lat' dir='ltr'>hominum</span> <span class='ocrx_word' id='word_1_84' title='bbox 367 1604 584 1676; x_wconf 88' lang='lat' dir='ltr'>immortales</span> <span class='ocrx_word' id='word_1_85' title='bbox 601 1600 692 1694; x_wconf 88' lang='lat' dir='ltr'>elle,</span> <span class='ocrx_word' id='word_1_86' title='bbox 720 1601 754 1674; x_wconf 74' lang='grc' dir='ltr'><strong>ἃ</strong></span> <span class='ocrx_word' id='word_1_87' title='bbox 771 1604 943 1697; x_wconf 87' lang='lat' dir='ltr'>virtutes,</span> <span class='ocrx_word' id='word_1_88' title='bbox 962 1603 996 1676; x_wconf 73' lang='grc' dir='ltr'>δι</span> <span class='ocrx_word' id='word_1_89' title='bbox 1013 1605 1100 1676; x_wconf 89' lang='lat' dir='ltr'>vitia</span> <span class='ocrx_word' id='word_1_90' title='bbox 1116 1619 1228 1680; x_wconf 91' lang='lat' dir='ltr'>terre</span> 
     </span>
     <span class='ocr_line' id='line_1_14' title="bbox 166 1699 1227 1802; baseline 0.005 -28"><span class='ocrx_word' id='word_1_91' title='bbox 166 1703 221 1774; x_wconf 90' lang='lat' dir='ltr'>nis</span> <span class='ocrx_word' id='word_1_92' title='bbox 238 1701 438 1774; x_wconf 90' lang='lat' dir='ltr'>honoribus</span> <span class='ocrx_word' id='word_1_93' title='bbox 456 1716 517 1774; x_wconf 93' lang='lat' dir='ltr'>aut</span> <span class='ocrx_word' id='word_1_94' title='bbox 529 1701 642 1795; x_wconf 88' lang='lat' dir='ltr'>poenis</span> <span class='ocrx_word' id='word_1_95' title='bbox 657 1699 932 1778; x_wconf 76' lang='lat' dir='ltr'>estimaverunt.</span> <span class='ocrx_word' id='word_1_96' title='bbox 985 1701 1112 1776; x_wconf 89' lang='lat' dir='ltr'>Omnis</span> <span class='ocrx_word' id='word_1_97' title='bbox 1138 1727 1227 1802; x_wconf 87' lang='lat' dir='ltr'>ergo</span> 
     </span>
     <span class='ocr_line' id='line_1_15' title="bbox 167 1799 1227 1902; baseline 0.003 -28"><span class='ocrx_word' id='word_1_98' title='bbox 167 1804 243 1874; x_wconf 89' lang='lat' dir='ltr'>haec</span> <span class='ocrx_word' id='word_1_99' title='bbox 259 1802 304 1872; x_wconf 90' lang='lat' dir='ltr'>de</span> <span class='ocrx_word' id='word_1_100' title='bbox 322 1800 457 1873; x_wconf 91' lang='lat' dir='ltr'>duabus</span> <span class='ocrx_word' id='word_1_101' title='bbox 474 1801 543 1872; x_wconf 92' lang='lat' dir='ltr'>viis</span> <span class='ocrx_word' id='word_1_102' title='bbox 561 1799 752 1896; x_wconf 87' lang='lat' dir='ltr'>disputatio</span> <span class='ocrx_word' id='word_1_103' title='bbox 772 1802 815 1874; x_wconf 93' lang='lat' dir='ltr'>ad</span> <span class='ocrx_word' id='word_1_104' title='bbox 824 1801 1083 1902; x_wconf 89' lang='lat' dir='ltr'>frugalitatem</span> <span class='ocrx_word' id='word_1_105' title='bbox 1075 1806 1227 1877; x_wconf 86' lang='lat' dir='ltr'>acluxu·</span> 
     </span>
     <span class='ocr_line' id='line_1_16' title="bbox 166 1897 1227 1994; baseline 0.005 -22"><span class='ocrx_word' id='word_1_106' title='bbox 166 1904 254 1973; x_wconf 90' lang='lat' dir='ltr'>riam</span> <span class='ocrx_word' id='word_1_107' title='bbox 272 1899 414 1992; x_wconf 77' lang='lat' dir='ltr'>spestat</span> <span class='ocrx_word' id='word_1_108' title='bbox 455 1897 596 1972; x_wconf 89' lang='lat' dir='ltr'>Dicunt</span> <span class='ocrx_word' id='word_1_109' title='bbox 611 1901 729 1994; x_wconf 89' lang='lat' dir='ltr'>enim,</span> <span class='ocrx_word' id='word_1_110' title='bbox 754 1901 915 1974; x_wconf 82' lang='lat' dir='ltr'>humanae</span> <span class='ocrx_word' id='word_1_111' title='bbox 933 1904 1017 1984; x_wconf 82' lang='lat' dir='ltr'>vite</span> <span class='ocrx_word' id='word_1_112' title='bbox 1036 1903 1171 1976; x_wconf 90' lang='lat' dir='ltr'>cursum</span> <span class='ocrx_word' id='word_1_113' title='bbox 1189 1901 1227 1976; x_wconf 84' lang='lat' dir='ltr'>Y</span> 
     </span>
     <span class='ocr_line' id='line_1_17' title="bbox 169 1998 1228 2094; baseline 0.008 -22"><span class='ocrx_word' id='word_1_114' title='bbox 169 2002 298 2072; x_wconf 86' lang='lat' dir='ltr'>litterae</span> <span class='ocrx_word' id='word_1_115' title='bbox 313 1998 381 2070; x_wconf 86' lang='lat' dir='ltr'>else</span> <span class='ocrx_word' id='word_1_116' title='bbox 396 1998 554 2091; x_wconf 83' lang='lat' dir='ltr'>similem,</span> <span class='ocrx_word' id='word_1_117' title='bbox 569 2000 667 2089; x_wconf 92' lang='lat' dir='ltr'>quod</span> <span class='ocrx_word' id='word_1_118' title='bbox 683 2005 925 2092; x_wconf 88' lang='lat' dir='ltr'>unusquisque</span> <span class='ocrx_word' id='word_1_119' title='bbox 939 2002 1135 2094; x_wconf 89' lang='lat' dir='ltr'>hominum,</span> <span class='ocrx_word' id='word_1_120' title='bbox 1146 2024 1228 2080; x_wconf 88' lang='lat' dir='ltr'>cum</span> 
     </span>
     <span class='ocr_line' id='line_1_18' title="bbox 167 2095 1230 2197; baseline 0.01 -30"><span class='ocrx_word' id='word_1_121' title='bbox 167 2100 289 2192; x_wconf 87' lang='lat' dir='ltr'>primae</span> <span class='ocrx_word' id='word_1_122' title='bbox 306 2095 552 2170; x_wconf 86' lang='lat' dir='ltr'>adolescentiae</span> <span class='ocrx_word' id='word_1_123' title='bbox 572 2099 681 2171; x_wconf 90' lang='lat' dir='ltr'>limen</span> <span class='ocrx_word' id='word_1_124' title='bbox 702 2101 880 2197; x_wconf 87' lang='lat' dir='ltr'>attigerit,</span> <span class='ocrx_word' id='word_1_125' title='bbox 908 2100 992 2174; x_wconf 87' lang='lat' dir='ltr'>&amp;in</span> <span class='ocrx_word' id='word_1_126' title='bbox 1008 2123 1088 2177; x_wconf 93' lang='lat' dir='ltr'>eum</span> <span class='ocrx_word' id='word_1_127' title='bbox 1103 2103 1230 2186; x_wconf 88' lang='lat' dir='ltr'>locum</span> 
     </span>
     <span class='ocr_line' id='line_1_19' title="bbox 166 2198 327 2289; baseline -0.006 -21"><span class='ocrx_word' id='word_1_128' title='bbox 166 2198 327 2289; x_wconf 87' lang='lat' dir='ltr'>venerit,</span> 
     </span>
    </p>

    <p class='ocr_par' dir='ltr' id='par_1_4' title="bbox 165 2296 1325 4086">
     <span class='ocr_line' id='line_1_20' title="bbox 389 2296 1114 2392; baseline 0.002 -24.094"><span class='ocrx_word' id='word_1_129' title='bbox 389 2312 558 2392; x_wconf 76' lang='lat' dir='ltr'>·parres</span> <span class='ocrx_word' id='word_1_130' title='bbox 584 2296 689 2387; x_wconf 74' lang='lat' dir='ltr'>ubist</span> <span class='ocrx_word' id='word_1_131' title='bbox 715 2302 772 2368; x_wconf 80' lang='lat' dir='ltr'>uio</span> <span class='ocrx_word' id='word_1_132' title='bbox 789 2299 933 2387; x_wconf 78' lang='lat' dir='ltr'>findit</span> <span class='ocrx_word' id='word_1_133' title='bbox 920 2323 956 2368; x_wconf 86' lang='lat' dir='ltr'>m</span> <span class='ocrx_word' id='word_1_134' title='bbox 981 2299 1114 2384; x_wconf 82' lang='lat' dir='ltr'>ambos,</span> 
     </span>
     <span class='ocr_line' id='line_1_21' title="bbox 166 2395 1228 2492; baseline 0.007 -23"><span class='ocrx_word' id='word_1_135' title='bbox 166 2395 299 2469; x_wconf 87' lang='lat' dir='ltr'>haereat</span> <span class='ocrx_word' id='word_1_136' title='bbox 314 2396 562 2490; x_wconf 88' lang='lat' dir='ltr'>nutabundus,</span> <span class='ocrx_word' id='word_1_137' title='bbox 588 2417 630 2468; x_wconf 92' lang='lat' dir='ltr'>ac</span> <span class='ocrx_word' id='word_1_138' title='bbox 654 2395 810 2489; x_wconf 88' lang='lat' dir='ltr'>nesciat,</span> <span class='ocrx_word' id='word_1_139' title='bbox 836 2399 872 2470; x_wconf 89' lang='lat' dir='ltr'>in</span> <span class='ocrx_word' id='word_1_140' title='bbox 898 2416 1003 2487; x_wconf 91' lang='lat' dir='ltr'>quain</span> <span class='ocrx_word' id='word_1_141' title='bbox 1029 2395 1064 2470; x_wconf 91' lang='lat' dir='ltr'>se</span> <span class='ocrx_word' id='word_1_142' title='bbox 1088 2411 1228 2492; x_wconf 85' lang='lat' dir='ltr'>partem</span> 
     </span>
     <span class='ocr_line' id='line_1_22' title="bbox 168 2493 1232 2594; baseline 0.004 -26"><span class='ocrx_word' id='word_1_143' title='bbox 168 2496 291 2588; x_wconf 88' lang='lat' dir='ltr'>potius</span> <span class='ocrx_word' id='word_1_144' title='bbox 307 2496 466 2569; x_wconf 86' lang='lat' dir='ltr'>inclinet</span> <span class='ocrx_word' id='word_1_145' title='bbox 500 2493 536 2566; x_wconf 91' lang='lat' dir='ltr'>Si</span> <span class='ocrx_word' id='word_1_146' title='bbox 553 2495 679 2568; x_wconf 90' lang='lat' dir='ltr'>ducem</span> <span class='ocrx_word' id='word_1_147' title='bbox 696 2495 818 2569; x_wconf 71' lang='lat' dir='ltr'>nasius</span> <span class='ocrx_word' id='word_1_148' title='bbox 832 2496 955 2586; x_wconf 87' lang='lat' dir='ltr'>suerit,</span> <span class='ocrx_word' id='word_1_149' title='bbox 972 2516 1031 2586; x_wconf 93' lang='lat' dir='ltr'>qui</span> <span class='ocrx_word' id='word_1_150' title='bbox 1022 2495 1172 2594; x_wconf 91' lang='lat' dir='ltr'>dirigat</span> <span class='ocrx_word' id='word_1_151' title='bbox 1186 2495 1232 2572; x_wconf 86' lang='lat' dir='ltr'>ad</span> 
     </span>
     <span class='ocr_line' id='line_1_23' title="bbox 167 2589 1231 2690; baseline 0.004 -22"><span class='ocrx_word' id='word_1_152' title='bbox 167 2595 318 2668; x_wconf 89' lang='lat' dir='ltr'>meliora</span> <span class='ocrx_word' id='word_1_153' title='bbox 335 2595 569 2686; x_wconf 90' lang='lat' dir='ltr'>titubantem,</span> <span class='ocrx_word' id='word_1_154' title='bbox 595 2595 670 2667; x_wconf 89' lang='lat' dir='ltr'>hoc</span> <span class='ocrx_word' id='word_1_155' title='bbox 687 2593 759 2684; x_wconf 84' lang='lat' dir='ltr'>est,</span> <span class='ocrx_word' id='word_1_156' title='bbox 784 2595 887 2668; x_wconf 90' lang='lat' dir='ltr'>siaut</span> <span class='ocrx_word' id='word_1_157' title='bbox 901 2593 1160 2686; x_wconf 86' lang='lat' dir='ltr'>philosophiam</span> <span class='ocrx_word' id='word_1_158' title='bbox 1179 2589 1231 2690; x_wconf 62' lang='lat' dir='ltr'>diJ</span> 
     </span>
     <span class='ocr_line' id='line_1_24' title="bbox 169 2685 1232 2788; baseline 0.001 -21"><span class='ocrx_word' id='word_1_159' title='bbox 169 2694 317 2784; x_wconf 87' lang='lat' dir='ltr'>dicerit,</span> <span class='ocrx_word' id='word_1_160' title='bbox 345 2706 407 2764; x_wconf 94' lang='lat' dir='ltr'>aut</span> <span class='ocrx_word' id='word_1_161' title='bbox 422 2693 683 2784; x_wconf 89' lang='lat' dir='ltr'>eloquentiam,</span> <span class='ocrx_word' id='word_1_162' title='bbox 711 2707 772 2768; x_wconf 90' lang='lat' dir='ltr'>aut</span> <span class='ocrx_word' id='word_1_163' title='bbox 793 2695 923 2785; x_wconf 90' lang='lat' dir='ltr'>aliquid</span> <span class='ocrx_word' id='word_1_164' title='bbox 946 2692 1103 2767; x_wconf 85' lang='lat' dir='ltr'>honestae</span> <span class='ocrx_word' id='word_1_165' title='bbox 1125 2685 1232 2788; x_wconf 81' lang='lat' dir='ltr'>artis,</span> 
     </span>
     <span class='ocr_line' id='line_1_25' title="bbox 169 2789 1228 2889; baseline 0.004 -25"><span class='ocrx_word' id='word_1_166' title='bbox 169 2815 243 2885; x_wconf 90' lang='lat' dir='ltr'>quo</span> <span class='ocrx_word' id='word_1_167' title='bbox 261 2792 391 2864; x_wconf 92' lang='lat' dir='ltr'>evadat</span> <span class='ocrx_word' id='word_1_168' title='bbox 413 2791 455 2865; x_wconf 91' lang='lat' dir='ltr'>ad</span> <span class='ocrx_word' id='word_1_169' title='bbox 471 2793 605 2867; x_wconf 88' lang='lat' dir='ltr'>bonam</span> <span class='ocrx_word' id='word_1_170' title='bbox 620 2791 793 2889; x_wconf 82' lang='lat' dir='ltr'>frugem,</span> <span class='ocrx_word' id='word_1_171' title='bbox 809 2795 907 2885; x_wconf 91' lang='lat' dir='ltr'>quod</span> <span class='ocrx_word' id='word_1_172' title='bbox 921 2789 999 2866; x_wconf 87' lang='lat' dir='ltr'>fieri</span> <span class='ocrx_word' id='word_1_173' title='bbox 1013 2793 1085 2866; x_wconf 90' lang='lat' dir='ltr'>sine</span> <span class='ocrx_word' id='word_1_174' title='bbox 1099 2796 1228 2868; x_wconf 82' lang='lat' dir='ltr'>labore</span> 
     </span>
     <span class='ocr_line' id='line_1_26' title="bbox 166 2889 1228 2986; baseline 0 -20"><span class='ocrx_word' id='word_1_175' title='bbox 166 2889 555 2984; x_wconf 84' lang='lat' dir='ltr'>maximononpotest,</span> <span class='ocrx_word' id='word_1_176' title='bbox 582 2889 767 2966; x_wconf 92' lang='lat' dir='ltr'>honestam</span> <span class='ocrx_word' id='word_1_177' title='bbox 782 2914 824 2966; x_wconf 91' lang='lat' dir='ltr'>ac</span> <span class='ocrx_word' id='word_1_178' title='bbox 840 2889 1020 2986; x_wconf 90' lang='lat' dir='ltr'>copiosam</span> <span class='ocrx_word' id='word_1_179' title='bbox 1036 2895 1146 2968; x_wconf 87' lang='lat' dir='ltr'>vitam</span> <span class='ocrx_word' id='word_1_180' title='bbox 1164 2894 1228 2974; x_wconf 87' lang='lat' dir='ltr'>dis·</span> 
     </span>
     <span class='ocr_line' id='line_1_27' title="bbox 166 2988 1325 3087; baseline 0.005 -25"><span class='ocrx_word' id='word_1_181' title='bbox 166 3004 296 3086; x_wconf 89' lang='lat' dir='ltr'>putant</span> <span class='ocrx_word' id='word_1_182' title='bbox 305 2988 539 3082; x_wconf 70' lang='lat' dir='ltr'>perastutula.</span> <span class='ocrx_word' id='word_1_183' title='bbox 565 2990 601 3064; x_wconf 88' lang='lat' dir='ltr'>Si</span> <span class='ocrx_word' id='word_1_184' title='bbox 616 3011 708 3065; x_wconf 87' lang='lat' dir='ltr'>vero</span> <span class='ocrx_word' id='word_1_185' title='bbox 723 2990 908 3068; x_wconf 75' lang='lat' dir='ltr'>dostorem</span> <span class='ocrx_word' id='word_1_186' title='bbox 924 2992 1134 3087; x_wconf 86' lang='lat' dir='ltr'>frugalitatis</span> <span class='ocrx_word' id='word_1_187' title='bbox 1149 3014 1227 3068; x_wconf 88' lang='lat' dir='ltr'>non</span> <span class='ocrx_word' id='word_1_188' title='bbox 1323 3033 1325 3038; x_wconf 96' lang='lat'>·</span> 
     </span>
     <span class='ocr_line' id='line_1_28' title="bbox 166 3089 1227 3184; baseline 0.005 -22"><span class='ocrx_word' id='word_1_189' title='bbox 166 3091 372 3180; x_wconf 89' lang='lat' dir='ltr'>invenerit,</span> <span class='ocrx_word' id='word_1_190' title='bbox 397 3092 436 3164; x_wconf 89' lang='lat' dir='ltr'>in</span> <span class='ocrx_word' id='word_1_191' title='bbox 456 3089 623 3166; x_wconf 89' lang='lat' dir='ltr'>sinistram</span> <span class='ocrx_word' id='word_1_192' title='bbox 642 3092 758 3183; x_wconf 89' lang='lat' dir='ltr'>viam,</span> <span class='ocrx_word' id='word_1_193' title='bbox 785 3114 863 3184; x_wconf 81' lang='lat' dir='ltr'>que</span> <span class='ocrx_word' id='word_1_194' title='bbox 888 3091 1046 3166; x_wconf 89' lang='lat' dir='ltr'>melioris</span> <span class='ocrx_word' id='word_1_195' title='bbox 1073 3090 1227 3182; x_wconf 90' lang='lat' dir='ltr'>speciem</span> 
     </span>
     <span class='ocr_line' id='line_1_29' title="bbox 165 3189 1253 3284; baseline -0.002 -20"><span class='ocrx_word' id='word_1_196' title='bbox 165 3189 557 3281; x_wconf 87' lang='lat' dir='ltr'>mentiatur,incidere,</span> <span class='ocrx_word' id='word_1_197' title='bbox 581 3189 705 3284; x_wconf 89' lang='lat' dir='ltr'>idest,</span> <span class='ocrx_word' id='word_1_198' title='bbox 732 3191 889 3278; x_wconf 77' lang='lat' dir='ltr'>desidiae,</span> <span class='ocrx_word' id='word_1_199' title='bbox 906 3190 1253 3280; x_wconf 85' lang='lat' dir='ltr'>inertiae,luxuriae·</span> 
     </span>
     <span class='ocr_line' id='line_1_30' title="bbox 166 3286 1227 3388; baseline -0.002 -24"><span class='ocrx_word' id='word_1_200' title='bbox 166 3288 202 3364; x_wconf 90' lang='lat' dir='ltr'>se</span> <span class='ocrx_word' id='word_1_201' title='bbox 217 3289 381 3377; x_wconf 80' lang='lat' dir='ltr'>tradere3</span> <span class='ocrx_word' id='word_1_202' title='bbox 408 3309 485 3380; x_wconf 85' lang='lat' dir='ltr'>quae</span> <span class='ocrx_word' id='word_1_203' title='bbox 510 3286 629 3364; x_wconf 89' lang='lat' dir='ltr'>suavia</span> <span class='ocrx_word' id='word_1_204' title='bbox 655 3289 797 3382; x_wconf 89' lang='lat' dir='ltr'>quidem</span> <span class='ocrx_word' id='word_1_205' title='bbox 821 3290 993 3363; x_wconf 88' lang='lat' dir='ltr'>videntur</span> <span class='ocrx_word' id='word_1_206' title='bbox 1019 3288 1063 3362; x_wconf 87' lang='lat' dir='ltr'>ad</span> <span class='ocrx_word' id='word_1_207' title='bbox 1081 3301 1227 3388; x_wconf 89' lang='lat' dir='ltr'>tempus</span> 
     </span>
     <span class='ocr_line' id='line_1_31' title="bbox 168 3385 1228 3506; baseline -0.003 -43"><span class='ocrx_word' id='word_1_208' title='bbox 168 3410 256 3463; x_wconf 88' lang='lat' dir='ltr'>vera</span> <span class='ocrx_word' id='word_1_209' title='bbox 270 3390 393 3461; x_wconf 91' lang='lat' dir='ltr'>bona</span> <span class='ocrx_word' id='word_1_210' title='bbox 383 3389 587 3506; x_wconf 81' lang='lat' dir='ltr'>ignoranti,</span> <span class='ocrx_word' id='word_1_211' title='bbox 614 3387 695 3484; x_wconf 89' lang='lat' dir='ltr'>post</span> <span class='ocrx_word' id='word_1_212' title='bbox 711 3408 854 3484; x_wconf 85' lang='lat' dir='ltr'>autem,</span> <span class='ocrx_word' id='word_1_213' title='bbox 876 3385 999 3462; x_wconf 88' lang='lat' dir='ltr'>amissa</span> <span class='ocrx_word' id='word_1_214' title='bbox 1008 3407 1105 3460; x_wconf 92' lang='lat' dir='ltr'>omni</span> <span class='ocrx_word' id='word_1_215' title='bbox 1097 3387 1228 3482; x_wconf 89' lang='lat' dir='ltr'>digni</span> 
     </span>
     <span class='ocr_line' id='line_1_32' title="bbox 166 3469 1230 3582; baseline 0 -20"><span class='ocrx_word' id='word_1_216' title='bbox 166 3503 242 3562; x_wconf 88' lang='lat' dir='ltr'>tate</span> <span class='ocrx_word' id='word_1_217' title='bbox 258 3509 299 3561; x_wconf 91' lang='lat' dir='ltr'>ac</span> <span class='ocrx_word' id='word_1_218' title='bbox 314 3508 355 3561; x_wconf 92' lang='lat' dir='ltr'>re</span> <span class='ocrx_word' id='word_1_219' title='bbox 369 3486 579 3581; x_wconf 86' lang='lat' dir='ltr'>familiari,</span> <span class='ocrx_word' id='word_1_220' title='bbox 568 3510 607 3562; x_wconf 93' lang='lat' dir='ltr'>in</span> <span class='ocrx_word' id='word_1_221' title='bbox 623 3490 788 3564; x_wconf 86' lang='lat' dir='ltr'>omnibus</span> <span class='ocrx_word' id='word_1_222' title='bbox 803 3479 971 3564; x_wconf 86' lang='lat' dir='ltr'>iiliseriis</span> <span class='ocrx_word' id='word_1_223' title='bbox 961 3469 1230 3582; x_wconf 79' lang='lat' dir='ltr'>ignominiaque</span> 
     </span>
     <span class='ocr_line' id='line_1_33' title="bbox 165 3584 1227 3685; baseline 0.002 -25"><span class='ocrx_word' id='word_1_224' title='bbox 165 3587 356 3662; x_wconf 79' lang='lat' dir='ltr'>vitlurum.</span> <span class='ocrx_word' id='word_1_225' title='bbox 382 3584 442 3659; x_wconf 87' lang='lat' dir='ltr'>Ad</span> <span class='ocrx_word' id='word_1_226' title='bbox 459 3607 592 3680; x_wconf 88' lang='lat' dir='ltr'>corpus</span> <span class='ocrx_word' id='word_1_227' title='bbox 609 3609 719 3685; x_wconf 90' lang='lat' dir='ltr'>ergo,</span> <span class='ocrx_word' id='word_1_228' title='bbox 746 3588 840 3664; x_wconf 88' lang='lat' dir='ltr'>&amp;ad</span> <span class='ocrx_word' id='word_1_229' title='bbox 854 3589 946 3662; x_wconf 90' lang='lat' dir='ltr'>hanc</span> <span class='ocrx_word' id='word_1_230' title='bbox 961 3589 1094 3678; x_wconf 88' lang='lat' dir='ltr'>vitam,</span> <span class='ocrx_word' id='word_1_231' title='bbox 1121 3606 1227 3676; x_wconf 86' lang='lat' dir='ltr'>quam</span> 
     </span>
     <span class='ocr_line' id='line_1_34' title="bbox 166 3683 1231 3778; baseline -0.004 -16"><span class='ocrx_word' id='word_1_232' title='bbox 166 3689 202 3762; x_wconf 93' lang='lat' dir='ltr'>in</span> <span class='ocrx_word' id='word_1_233' title='bbox 216 3703 312 3760; x_wconf 91' lang='lat' dir='ltr'>terra</span> <span class='ocrx_word' id='word_1_234' title='bbox 326 3686 503 3778; x_wconf 89' lang='lat' dir='ltr'>ducimus,</span> <span class='ocrx_word' id='word_1_235' title='bbox 516 3683 606 3762; x_wconf 88' lang='lat' dir='ltr'>fines</span> <span class='ocrx_word' id='word_1_236' title='bbox 622 3707 743 3762; x_wconf 83' lang='lat' dir='ltr'>earum</span> <span class='ocrx_word' id='word_1_237' title='bbox 759 3689 898 3762; x_wconf 90' lang='lat' dir='ltr'>viarum</span> <span class='ocrx_word' id='word_1_238' title='bbox 911 3687 1123 3759; x_wconf 89' lang='lat' dir='ltr'>retulerunt</span> <span class='ocrx_word' id='word_1_239' title='bbox 1138 3684 1231 3758; x_wconf 89' lang='lat' dir='ltr'>Poe</span> 
     </span>
     <span class='ocr_line' id='line_1_35' title="bbox 167 3781 1305 3880; baseline -0.001 -21"><span class='ocrx_word' id='word_1_240' title='bbox 167 3802 213 3860; x_wconf 87' lang='lat' dir='ltr'>tae</span> <span class='ocrx_word' id='word_1_241' title='bbox 237 3783 385 3859; x_wconf 87' lang='lat' dir='ltr'>sortasse</span> <span class='ocrx_word' id='word_1_242' title='bbox 404 3786 550 3879; x_wconf 87' lang='lat' dir='ltr'>melius,</span> <span class='ocrx_word' id='word_1_243' title='bbox 579 3808 638 3880; x_wconf 90' lang='lat' dir='ltr'>qui</span> <span class='ocrx_word' id='word_1_244' title='bbox 629 3787 728 3862; x_wconf 93' lang='lat' dir='ltr'>hoc</span> <span class='ocrx_word' id='word_1_245' title='bbox 742 3790 880 3862; x_wconf 88' lang='lat' dir='ltr'>bivium</span> <span class='ocrx_word' id='word_1_246' title='bbox 892 3785 986 3878; x_wconf 90' lang='lat' dir='ltr'>apud</span> <span class='ocrx_word' id='word_1_247' title='bbox 1001 3783 1137 3856; x_wconf 88' lang='lat' dir='ltr'>inseros</span> <span class='ocrx_word' id='word_1_248' title='bbox 1154 3781 1227 3858; x_wconf 87' lang='lat' dir='ltr'>esse</span> <span class='ocrx_word' id='word_1_249' title='bbox 1301 3829 1305 3838; x_wconf 92' lang='lat'>·</span> 
     </span>
     <span class='ocr_line' id='line_1_36' title="bbox 166 3877 1228 3982; baseline -0.002 -24"><span class='ocrx_word' id='word_1_250' title='bbox 166 3888 377 3961; x_wconf 87' lang='lat' dir='ltr'>voluerunt.</span> <span class='ocrx_word' id='word_1_251' title='bbox 404 3883 496 3958; x_wconf 89' lang='lat' dir='ltr'>Sed</span> <span class='ocrx_word' id='word_1_252' title='bbox 486 3907 523 3964; x_wconf 87' lang='lat' dir='ltr'>in</span> <span class='ocrx_word' id='word_1_253' title='bbox 538 3907 584 3958; x_wconf 91' lang='lat' dir='ltr'>eo</span> <span class='ocrx_word' id='word_1_254' title='bbox 601 3888 771 3962; x_wconf 85' lang='lat' dir='ltr'>falluntur</span> <span class='ocrx_word' id='word_1_255' title='bbox 772 3886 892 3982; x_wconf 93' lang='lat' dir='ltr'>,quod</span> <span class='ocrx_word' id='word_1_256' title='bbox 907 3907 966 3958; x_wconf 89' lang='lat' dir='ltr'>eas</span> <span class='ocrx_word' id='word_1_257' title='bbox 981 3884 1056 3956; x_wconf 87' lang='lat' dir='ltr'>vias</span> <span class='ocrx_word' id='word_1_258' title='bbox 1071 3877 1228 3958; x_wconf 81' lang='lat' dir='ltr'>mortuis</span> 
     </span>
     <span class='ocr_line' id='line_1_37' title="bbox 166 3977 1228 4094; baseline -0.001 -35"><span class='ocrx_word' id='word_1_259' title='bbox 166 3983 444 4082; x_wconf 87' lang='lat' dir='ltr'>proposuerunt.</span> <span class='ocrx_word' id='word_1_260' title='bbox 470 3983 626 4082; x_wconf 88' lang='lat' dir='ltr'>Utrique</span> <span class='ocrx_word' id='word_1_261' title='bbox 641 4006 730 4086; x_wconf 84' lang='lat' dir='ltr'>ergo</span> <span class='ocrx_word' id='word_1_262' title='bbox 745 4008 854 4063; x_wconf 86' lang='lat' dir='ltr'>vere.</span> <span class='ocrx_word' id='word_1_263' title='bbox 874 3977 1228 4094; x_wconf 80' lang='lat' dir='ltr'>sedtainenutrrque</span> 
     </span>
    </p>
   </div>
   <div class='ocr_carea' id='block_1_3' title="bbox 219 4065 1257 4231">
    <p class='ocr_par' dir='ltr' id='par_1_5' title="bbox 219 4065 1257 4231">
     <span class='ocr_line' id='line_1_38' title="bbox 219 4065 1257 4231; baseline 0.002 -69"><span class='ocrx_word' id='word_1_264' title='bbox 219 4080 519 4162; x_wconf 62' lang='lat' dir='ltr'>monastrias</span> <span class='ocrx_word' id='word_1_265' title='bbox 717 4085 783 4164; x_wconf 84' lang='lat' dir='ltr'>Aa</span> <span class='ocrx_word' id='word_1_266' title='bbox 992 4065 1220 4231; x_wconf 51' lang='lat' dir='ltr'>Q</span> <span class='ocrx_word' id='word_1_267' title='bbox 1253 4201 1257 4208; x_wconf 14' lang='grc' dir='ltr'>ἱ</span> 
     </span>
    </p>
   </div>
   <div class='ocr_carea' id='block_1_4' title="bbox 0 0 1418 4709">
    <p class='ocr_par' dir='ltr' id='par_1_6' title="bbox 0 0 1418 4709">
     <span class='ocr_line' id='line_1_39' title="bbox 0 0 1418 4709; baseline 0 0"><span class='ocrx_word' id='word_1_268' title='bbox 0 0 1418 4709; x_wconf 95' lang='lat' dir='ltr'> </span> 
     </span>
    </p>
   </div>
  </div>
 </body>
</html>
