2825 4709
284 285 493 433 Lrelrre'lll.
517 371 572 426 mr
593 367 709 425 rerer
735 347 911 426 sermm.
925 345 1089 430 -Ρεῐιοι
1147 323 1214 452 ml

608 563 612 570 ,
823 519 1216 562 “““““““’-““-Ψ

465 647 732 728 CAPUT
781 649 897 732 XIV.

206 820 302 915 Quod
314 819 489 918 ³Lucretius
506 812 546 892 dl
559 814 620 887 alii
634 819 837 900 erraverint,
863 813 969 912 ecipse
979 817 1103 913 Cicero,
1127 822 1166 904 ἰῇ

427 917 602 1011 -Jlerrrende
610 921 778 1013 sapientia
791 920 925 1012 origine,

157 1113 340 1294 Redime
355 1109 695 1207 itaqrreLucretius,
724 1133 804 1186 cum
820 1133 900 1188 eum
914 1113 1053 1205 laudat,
1080 1119 1140 1212 qui
1164 1117 1213 1200 sa·

252 1215 419 1308 pientiam
445 1217 577 1307 primus
600 1215 758 1286 invenit:
784 1210 841 1285 sed
857 1214 930 1288 hoc
944 1216 1085 1306 inepte,
1112 1219 1214 1310 quod
1244 1209 1246 1216 ’

155 1318 199 1390 ab
215 1317 361 1388 homine
378 1315 562 1386 inventam
577 1314 732 1404 putavit.
759 1312 864 1410 Quasr
883 1317 974 1386 verb
992 1314 1085 1388 illam
1103 1323 1212 1397 alicu.

152 1417 189 1490 bi
210 1417 389 1508 jacentem
418 1415 529 1484 homo
555 1411 635 1502 ille,
668 1431 772 1503 quem
798 1412 983 1504 laudabat,
1015 1414 1211 1508 invenerit,

153 1529 319 1607 tanquam
337 1513 442 1584 tibias
460 1510 502 1583 ad
522 1509 680 1600 fontem,
706 1524 747 1579 ut
763 1526 881 1604 poete
896 1510 1005 1602 ajunt.
1056 1516 1167 1614 Quod
1182 1520 1208 1596 fi

153 1633 378 1707 repertorem
392 1610 586 1706 sapientire,
613 1623 653 1684 ut
671 1609 813 1706 Deum,
839 1597 1018 1702 laudavit3
1043 1615 1094 1690 ita
1117 1619 1213 1700 enim

153 1714 258 1790 dicit:
711 1789 713 1796 ,
1203 1709 1205 1720 '

249 1815 369 1900 lllemo,
396 1825 433 1896 ret
457 1814 585 1907 opinor,
610 1811 676 1881 erit
699 1811 830 1881 mortali
853 1827 975 1906 corpore
998 1830 1114 1891 crerrer.

247 1915 336 1986 Nam
349 1911 400 2008 fi,
425 1927 464 1980 ur
490 1912 553 2006 ipsa
573 1913 660 2006 petit
683 1909 973 2008 majeflar'cegnr'ra
1000 1938 1116 2008 rerem,
1206 1939 1209 1946 ·

248 2014 430 2100 Dicendum
445 2009 497 2106 ιβ,
518 2015 605 2082 Deus
622 2009 676 2080 dle
687 2009 769 2098 suit,
787 2014 885 2096 Deus,
902 2011 1185 2104 inclyrrmmie

149 2121 271 2186 temen
287 2132 364 2185 non
380 2103 457 2182 erit
468 2108 521 2182 fic
536 2107 730 2188 laudandus
747 2109 866 2204 Deus,
889 2111 987 2204 quod
1001 2109 1210 2210 ¹sapientiem

147 2209 353 2301 invenerit,
379 2207 442 2282 sed'
454 2207 552 2302 quod
566 2210 746 2284 hominem
761 2207 906 2300 fecerit,
930 2212 1127 2302 quipollet
1153 2236 1210 2290 ce·
1248 2265 1253 2274 -

147 2332 238 2405 pere
262 2307 475 2403 sapientiam.
512 2307 662 2388 ‚Minuit
682 2309 776 2384 enim
797 2305 962 2400 laudem,
990 2311 1059 2402 qui
1070 2329 1211 2406 partem

148 2409 272 2484 laudet
289 2432 333 2482 ex
349 2423 455 2494 toto.¹
472 2407 541 2480 Sed
558 2407 618 2480 ille
634 2424 674 2482 ut
688 2409 872 2496 hominem
887 2407 1060 2500 laudavit,
1084 2413 1142 2503 qui
1157 2425 1211 2502 req¹

147 2531 233 2586 men
248 2510 297 2584 ob
310 2507 346 2582 id
361 2505 472 2602 iplum'
490 2508 638 2596 deberet
650 2525 722 2598 pro
740 2507 825 2578 Deo
843 2507 987 2600 haberi,
1004 2510 1102 2602 quod
1112 2507 1208 2609 sape·

146 2627 189 2683 re
208 2609 405 2684 invenerit.
456 2605 551 2682 Nem
566 2607 613 2680 fic
629 2607 694 2688 ait:
716 2677 721 2688 ,

239 2711 247 2724 ‘
655 2701 659 2708 ’
686 2706 808 2780 Nonne
832 2703 961 2794 decebit,

254 2811 354 2880 Hune
378 2799 531 2878 hominem
555 2829 683 2876 numere
707 2805 818 2876 divum
842 2807 1004 2898 dignarier
1027 2804 1106 2901 effi?

147 2905 260 2981 Unde
277 2923 444 3002 apparet,
471 2920 532 2979 aut
547 2903 787 3001 Pythagoram
805 2904 956 2981 voluisse
969 2910 1126 3004 laudere,
1143 2913 1206 3008 qui

147 3006 355 3100 septimus,
382 3005 525 3095 ut'dixi,
552 3005 804 3100 philosophum
818 3007 1041 3098 nominavit3
1067 3013 1210 3084 autmi-

146 3107 269 3180 lelium
286 3105 459 3196 Thalem,
486 3107 546 3198 qui
564 3103 608 3177 de
625 3124 744 3179 rerum
763 3116 889 3178 natura
903 3109 1036 3199 primus
1053 3107 1205 3190 traditur

147 3203 347 3298 disputasse.
397 3205 450 3280 lta
471 3204 553 3278 durn
571 3204 753 3279 hominem
769 3205 893 3296 querit
910 3209 1105 3297 extollere,
1131 3225 1209 3285 rem

147 3302 257 3397 lplam
284 3303 457 3400 depreffit.
504 3301 594 3377 Non
611 3301 662 3376 est
679 3305 772 3376 enim
786 3323 932 3397 magna,
958 3303 982 3379 sr
1003 3305 1046 3376 ab
1062 3305 1210 3384 homine

147 3405 274 3500 potuit
290 3405 457 3482 inveniri.
483 3402 619 3476 Verum
634 3401 773 3496 potest,
790 3415 832 3473 ut
848 3417 984 3495 poetae,
1005 3404 1078 3478 deri
1092 3405 1209 3486 venie.

146 3501 202 3576 At
217 3504 277 3578 ille
292 3505 387 3600 idem
403 3499 579 3595 perfeelus
599 3515 743 3594 orator,
769 3501 862 3578 idem
887 3500 1037 3578 summus
1052 3499 1210 3598 philoso-
1294 3533 1298 3540 ·

145 3601 299 3696 phum&
316 3602 466 3684 Graecos
481 3601 735 3694 reprehendit,
757 3621 910 3692 quorum
926 3601 1112 3676 levitatem
1126 3600 1211 3680 seme

146 3707 215 3797 'per
241 3703 406 3794 accuset,
432 3701 466 3774 dr
491 3713 610 3775 tamen
637 3700 814 3792 sequitur3
849 3699 955 3793 ipsam
978 3699 1209 3800 sapientiam,

147 3822 255 3893 quam
279 3803 362 3876 alias
391 3797 550 3881 donum,
576 3801 659 3874 elias
685 3801 875 3873 inventum
898 3799 1061 3874 Deorum
1082 3813 1210 3898 vocat,
1236 3859 1239 3864 .

143 3897 298 3998 'pmice
312 3891 506 4000 figuratam
522 3899 644 3972 laudat
661 3900 697 3972 in
717 3898 855 3976 faciem.
908 3900 1078 3972 Graviter
1104 3895 1211 3990 etiam

146 4001 334 4094 queritur,
367 3993 522 4076 extitilse
555 3999 717 4090 aliquos,
751 3999 824 4093 qul-
842 4019 920 4076 eam
951 3997 1211 4096 vituperarent.

1017 4100 1162 4202 „Quir-¹
