2825 4709
197 305 428 402 arol'rnro
454 305 735 383 Laerarrru
757 327 907 385 nrvru.
931 308 1176 391 Interdum
1311 259 1329 402 i?

196 470 327 563 accipit
342 485 524 542 externam
537 470 622 546 vim.
672 470 785 568 Quod
800 472 932 563 accipit
950 474 1036 564 vim,
1050 473 1252 552 dissolubile
1286 546 1290 552 .
1316 445 1323 476 ¹

197 571 259 646 est.
292 569 403 663 Quod
420 568 642 658 dissolvitur,
660 563 801 643 interit.
835 571 947 668 Quod
959 574 1100 662 interit,
1126 591 1250 651 ortum
1315 577 1320 676 j

195 671 239 747 fit
254 668 392 742 necesse
409 668 470 743 ert
497 668 608 767 Quod
627 685 747 742 ortum
764 668 834 760 est,
861 672 1250 760 habuitsontem,unde
1315 725 1318 752 ;

198 772 376 858 oriretur,-
401 767 436 840 id
452 768 503 840 est
520 768 690 842 latiorem
706 770 857 858 aliquem
870 768 1101 862 sentientem,
1126 778 1250 864 provi·
1308 775 1317 940 s

147 880 151 892 '
198 871 304 961 dum,
329 869 554 960 peritumque
569 868 733 946 faciendi.
757 866 790 938 la
804 868 1049 962 estprosetlo.
1075 877 1250 947 necullus
1309 945 1313 956 ,

197 969 300 1060 alius,
318 989 421 1059 quam
435 967 547 1041 Deua.
598 969 672 1065 Qui
688 969 856 1058 quoniam
869 967 980 1058 sensu,
998 972 1153 1062 ratione,
1168 994 1252 1065 pro·
1307 973 1312 1058 ξ

197 1070 372 1160 videntia,
394 1065 585 1159 potestate,
598 1068 736 1139 virtute
750 1067 916 1159 praeditus
930 1068 1251 1167 estdtanimantia,
1305 1111 1309 1160 ς

197 1169 399 1244 &inanima
412 1163 735 1239 creare&effitere
749 1166 890 1260 potest,
916 1170 997 1258 quia
1015 1184 1136 1248 tenet.
1163 1193 1253 1262 quo·
1305 1165 1308 1170 ’

198 1267 312 1346 modo
331 1267 486 1358 quidque
500 1265 770 1340 srtsaciendum.
820 1266 974 1339 Materia
1000 1288 1090 1341 vero
1115 1268 1253 1365 semper
1304 1209 1309 1378 ¹

195 1365 299 1444 ruine
314 1387 390 1439 non
409 1365 547 1458 potest,
574 1370 655 1456 quia
678 1367 913 1439 mutationem
936 1387 1011 1440 non
1034 1388 1200 1461 caperet,
1227 1371 1253 1447 st
1304 1383 1309 1466 j

198 1465 327 1544 suisset.
365 1465 477 1566 Quod
494 1465 587 1538 enirn
603 1466 738 1556 semper
754 1466 844 1560 suit,
870 1464 1003 1559 semper
1019 1465 1088 1540 esse
1101 1459 1175 1542 rion
1191 1473 1253 1544 de·
1305 1471 1310 1498 ¹

198 1567 298 1654 sinit,
325 1565 467 1637 &unde
483 1564 596 1636 abfuit
613 1565 845 1659 principium,
871 1564 987 1637 abesse
1002 1568 1085 1639 hinc
1098 1571 1203 1641 etiam
1211 1567 1253 1642 fi-

197 1687 280 1741 nem
296 1662 435 1737 necesse
453 1663 513 1737 est.
541 1665 759 1758 Quinetiam
775 1663 911 1735 facilius
930 1664 995 1754 est,
1015 1681 1063 1737 ut
1077 1668 1124 1737 id.
1150 1670 1253 1760 quod

198 1767 322 1842 habuit
337 1764 496 1852 initium,
521 1757 594 1832 fine
612 1777 754 1853 careat,
774 1783 878 1854 quam
904 1780 946 1834 ut
968 1767 1098 1838 habeat
1118 1764 1251 1862 finem,

199 1865 298 1957 quod
312 1863 418 1934 initio
433 1861 557 1934 caruit
600 1859 754 1932 Materia
768 1883 855 1957 ergo
872 1862 896 1935 fi
911 1862 1000 1936 fasta
1014 1885 1089 1936 non
1106 1866 1179 1959 est,
1203 1889 1253 1943 ne

198 1962 278 2039 fieri
293 1981 337 2034 ex
352 1982 394 2032 ea
407 1960 594 2050 quidquam
609 1959 741 2053 potest.
767 1961 803 2032 si
816 1958 894 2033 sieri
908 1984 954 2033 ex
971 1984 1016 2034 ea
1025 1984 1101 2035 oon
1117 1969 1252 2063 potest,

198 2083 268 2138 nec
284 2061 432 2132 materia
442 2059 588 2149 quidem
603 2062 681 2133 erit.
708 2060 863 2134 Materia
878 2063 970 2134 enim
983 2061 1054 2152 est,
1080 2066 1254 2156 exquafit

199 2160 342 2251 aliquid.
369 2159 488 2232 Omne
497 2173 634 2250 autem,
661 2181 706 2231 ex
721 2180 796 2249 quo
810 2157 873 2250 fit,
899 2163 980 2250 quia
996 2167 1136 2254 recepit
1149 2165 1254 2258 opifi-

200 2264 251 2334 cis
265 2279 421 2351 manum,
434 2258 687 2351 deſtruitur,&
704 2260 798 2331 aliud
812 2258 882 2332 effe
895 2262 1032 2350 incipit.
1058 2259 1256 2358 Ergoquo·
1308 2339 1322 2358 ῃ

198 2363 292 2440 niam
311 2355 419 2432 finem
443 2360 567 2432 habuit
579 2359 747 2451 materia,
773 2376 848 2430 tum
866 2381 946 2432 cum
960 2359 1072 2432 sadus
1089 2363 1195 2435 estex
1211 2389 1257 2441 ea

200 2460 373 2550 mundus,
401 2457 435 2530 dt
457 2459 597 2531 initium
621 2479 766 2550 quoque
788 2460 921 2532 habuit.
973 2460 1066 2531 Nam
1081 2466 1177 2551 quod
1194 2468 1256 2537 de·

200 2561 368 2647 struitur,
392 2554 602 2631 aedificatum
625 2557 698 2644 ¹est3
727 2560 824 2650 quod
850 2558 1024 2648 solvitur,
1051 2563 1254 2654 alligatum,

202 2655 450 2750 quodfinitur,
475 2659 657 2748 inceptum
667 2657 730 2731 est.
756 2658 790 2728 Si
806 2678 894 2751 ergo
911 2680 954 2729 ex
970 2667 1257 2740 commutatione

202 2780 244 2830 ac
260 2754 331 2828 line
348 2759 493 2828 materia
509 2757 691 2851 colligitur
705 2757 859 2829 habuisse
876 2759 1107 2851 principium,
1134 2784 1154 2831 a
1179 2786 1255 2853 quo

201 2858 272 2929 alio
294 2852 370 2927 fieri
384 2857 445 2930 nisi
462 2879 482 2928 a
500 2856 583 2927 Deo
599 2854 749 2946 potuit?
798 2856 904 2927 Solus
918 2859 1024 2952 igitur
1042 2858 1166 2952 Deus,
1194 2863 1256 2952 qui

199 2954 313 3031 fastus
335 2976 411 3027 non
435 2954 505 3045 est,
532 2955 567 3026 dt
580 2956 719 3027 idcirco
735 2954 916 3027 destruere
934 2958 999 3027 alia
1016 2957 1155 3048 potest,
1181 2960 1256 3055 ipse

201 3054 330 3129 destrui
344 3074 420 3126 non
436 3053 566 3147 potest.
621 3054 843 3127 Permanebit
858 3054 994 3149 semper
1007 3059 1043 3128 in
1061 3080 1129 3146 eo,
1155 3061 1256 3150 quod

199 3155 290 3245 suit,
317 3156 397 3245 quia
411 3175 487 3226 non
504 3152 553 3226 est
571 3154 711 3225 aliunde
727 3169 931 3247 generatus.
958 3173 1158 3246 necortus,
1184 3181 1255 3233 nec

200 3254 370 3330 nativitas
385 3256 460 3346 ejus
477 3275 522 3325 ex
539 3256 653 3344 aliqua
669 3274 708 3325 re
723 3256 878 3345 pendet,
904 3277 981 3345 quae
1002 3258 1097 3328 illum
1116 3273 1256 3331 mutata

200 3351 379 3428 dissolvat.
405 3351 460 3425 Ex
471 3350 583 3446 seipso
601 3353 665 3443 est,
678 3367 719 3423 ut
732 3355 767 3424 in
784 3356 899 3445 primo
914 3355 1065 3426 diximus
1080 3358 1191 3440 libro,
1220 3358 1256 3429 &

199 3454 284 3530 ideo
301 3455 379 3526 talis
397 3450 468 3542 est,
500 3456 637 3543 qualem
656 3451 689 3523 se
707 3451 777 3523 elle
799 3456 936 3542 voluit,
962 3455 1185 3549 impassibilis,
1193 3458 1257 3531 irn-

199 3553 400 3640 mutabilis,
427 3552 679 3643 incorruptus,
703 3552 854 3628 beatus,
880 3570 1046 3629 eternus.

258 3654 350 3748 'Jam
366 3671 459 3723 vero
475 3649 537 3721 ista
552 3651 757 3756 conclusio,
780 3672 850 3742 qua
864 3650 1073 3728 sententiam
1092 3657 1258 3729 termina·

200 3752 257 3823 vit
273 3751 433 3840 Tullius,
459 3751 575 3823 multo
592 3748 786 3822 absurdior.
821 3753 1010 3845 „Quodsr
1029 3758 1190 3838 materia,
1207 3756 1259 3827 in·
1289 3807 1292 3816 -

200 3851 327 3945 „quit
346 3872 366 3922 a
382 3849 466 3921 Deo
483 3869 560 3921 non
574 3846 624 3919 est
640 3848 751 3940 satta,
776 3870 824 3921 ne
840 3866 936 3922 terra
951 3854 1113 3944 quidem,
1139 3854 1172 3926 dt
1186 3875 1259 3936 aer,

131 4007 155 4185 ‚
189 3946 637 4050 „dignita-Densa&
650 3947 751 4023 est.“
796 3952 1258 4050 Quamcallidepericulum

1063 4067 1207 4148 preter·
