<?xml version="1.0" encoding="UTF-8"?>
<!DOCTYPE html PUBLIC "-//W3C//DTD XHTML 1.0 Transitional//EN"
    "http://www.w3.org/TR/xhtml1/DTD/xhtml1-transitional.dtd">
<html xmlns="http://www.w3.org/1999/xhtml" xml:lang="en" lang="en">
 <head>
  <title>
</title>
<meta http-equiv="Content-Type" content="text/html;charset=utf-8" />
  <meta name='ocr-system' content='tesseract 3.04.00' />
  <meta name='ocr-capabilities' content='ocr_page ocr_carea ocr_par ocr_line ocrx_word'/>
</head>
<body>
  <div class='ocr_page' id='page_1' title='image "./operaomniasanct07librgoog_0485.png"; bbox 0 0 2825 4709; ppageno 0'>
   <div class='ocr_carea' id='block_1_1' title="bbox 339 317 1229 470">
    <p class='ocr_par' dir='ltr' id='par_1_1' title="bbox 339 317 1229 470">
     <span class='ocr_line' id='line_1_1' title="bbox 339 317 1229 470; baseline 0.004 -34"><span class='ocrx_word' id='word_1_1' title='bbox 339 356 498 440; x_wconf 73' lang='lat' dir='ltr'>Lura</span> <span class='ocrx_word' id='word_1_2' title='bbox 521 355 602 436; x_wconf 80' lang='lat' dir='ltr'>VL&#39;</span> <span class='ocrx_word' id='word_1_3' title='bbox 627 377 690 434; x_wconf 81' lang='lat' dir='ltr'>or</span> <span class='ocrx_word' id='word_1_4' title='bbox 715 317 848 446; x_wconf 70' lang='lat' dir='ltr'>nono</span> <span class='ocrx_word' id='word_1_5' title='bbox 872 328 1058 470; x_wconf 70' lang='lat' dir='ltr'>cupro.</span> <span class='ocrx_word' id='word_1_6' title='bbox 1127 379 1229 462; x_wconf 67' lang='lat'>3401</span> 
     </span>
    </p>
   </div>
   <div class='ocr_carea' id='block_1_2' title="bbox 147 507 1331 3391">
    <p class='ocr_par' dir='ltr' id='par_1_2' title="bbox 147 507 1331 3391">
     <span class='ocr_line' id='line_1_2' title="bbox 166 507 1230 619; baseline -0.005 -22"><span class='ocrx_word' id='word_1_7' title='bbox 166 541 245 602; x_wconf 91' lang='lat' dir='ltr'>non</span> <span class='ocrx_word' id='word_1_8' title='bbox 259 519 478 617; x_wconf 79' lang='lat' dir='ltr'><strong>rubiginem,</strong></span> <span class='ocrx_word' id='word_1_9' title='bbox 503 540 581 596; x_wconf 90' lang='lat' dir='ltr'>non</span> <span class='ocrx_word' id='word_1_10' title='bbox 595 519 812 615; x_wconf 70' lang='lat' dir='ltr'>tyrannum?</span> <span class='ocrx_word' id='word_1_11' title='bbox 828 513 914 619; x_wconf 65' lang='lat' dir='ltr'>&#39;Qui</span> <span class='ocrx_word' id='word_1_12' title='bbox 931 520 1028 618; x_wconf 79' lang='lat' dir='ltr'>apud</span> <span class='ocrx_word' id='word_1_13' title='bbox 1042 507 1230 610; x_wconf 71' lang='lat' dir='ltr'>Deumdi·</span> 
     </span>
     <span class='ocr_line' id='line_1_3' title="bbox 166 616 1228 715; baseline 0.003 -22"><span class='ocrx_word' id='word_1_14' title='bbox 166 645 233 696; x_wconf 89' lang='lat' dir='ltr'>ves</span> <span class='ocrx_word' id='word_1_15' title='bbox 251 620 315 712; x_wconf 86' lang='lat' dir='ltr'>est,</span> <span class='ocrx_word' id='word_1_16' title='bbox 331 639 466 715; x_wconf 84' lang='lat' dir='ltr'>pauper</span> <span class='ocrx_word' id='word_1_17' title='bbox 484 616 554 696; x_wconf 84' lang='lat' dir='ltr'>elie</span> <span class='ocrx_word' id='word_1_18' title='bbox 570 640 750 712; x_wconf 88' lang='lat' dir='ltr'>nunquam</span> <span class='ocrx_word' id='word_1_19' title='bbox 765 619 895 714; x_wconf 85' lang='lat' dir='ltr'>potest.</span> <span class='ocrx_word' id='word_1_20' title='bbox 921 617 957 691; x_wconf 84' lang='lat' dir='ltr'>Si</span> <span class='ocrx_word' id='word_1_21' title='bbox 968 618 1137 712; x_wconf 85' lang='lat' dir='ltr'>justitiam</span> <span class='ocrx_word' id='word_1_22' title='bbox 1153 637 1228 696; x_wconf 84' lang='lat' dir='ltr'>tan·</span> 
     </span>
     <span class='ocr_line' id='line_1_4' title="bbox 167 716 1228 816; baseline -0.002 -22"><span class='ocrx_word' id='word_1_23' title='bbox 167 724 197 800; x_wconf 84' lang='lat' dir='ltr'>ti</span> <span class='ocrx_word' id='word_1_24' title='bbox 212 735 344 814; x_wconf 87' lang='lat' dir='ltr'>putas,</span> <span class='ocrx_word' id='word_1_25' title='bbox 364 716 523 810; x_wconf 86' lang='lat' dir='ltr'>sequere,</span> <span class='ocrx_word' id='word_1_26' title='bbox 540 718 682 812; x_wconf 71' lang='lat' dir='ltr'>abjedlis</span> <span class='ocrx_word' id='word_1_27' title='bbox 698 722 883 812; x_wconf 85' lang='lat' dir='ltr'>oneribus,</span> <span class='ocrx_word' id='word_1_28' title='bbox 897 739 975 810; x_wconf 81' lang='lat' dir='ltr'>quae</span> <span class='ocrx_word' id='word_1_29' title='bbox 990 733 1026 792; x_wconf 89' lang='lat' dir='ltr'>te</span> <span class='ocrx_word' id='word_1_30' title='bbox 1043 734 1209 812; x_wconf 88' lang='lat' dir='ltr'>premunt</span> <span class='ocrx_word' id='word_1_31' title='bbox 1216 742 1228 816; x_wconf 65' lang='grc' dir='ltr'><strong>ς</strong></span> 
     </span>
     <span class='ocr_line' id='line_1_5' title="bbox 166 816 1227 914; baseline -0.003 -20"><span class='ocrx_word' id='word_1_32' title='bbox 166 822 281 894; x_wconf 85' lang='lat' dir='ltr'>libera</span> <span class='ocrx_word' id='word_1_33' title='bbox 303 834 340 891; x_wconf 90' lang='lat' dir='ltr'>te</span> <span class='ocrx_word' id='word_1_34' title='bbox 361 816 473 914; x_wconf 84' lang='lat' dir='ltr'>ipsum</span> <span class='ocrx_word' id='word_1_35' title='bbox 487 818 730 911; x_wconf 75' lang='lat' dir='ltr'>compedibus</span> <span class='ocrx_word' id='word_1_36' title='bbox 746 819 782 893; x_wconf 80' lang='lat' dir='ltr'>dr</span> <span class='ocrx_word' id='word_1_37' title='bbox 799 824 955 908; x_wconf 85' lang='lat' dir='ltr'>eatenis,</span> <span class='ocrx_word' id='word_1_38' title='bbox 978 834 1020 892; x_wconf 91' lang='lat' dir='ltr'>ut</span> <span class='ocrx_word' id='word_1_39' title='bbox 1037 819 1227 912; x_wconf 81' lang='lat' dir='ltr'>expeditus</span> 
     </span>
     <span class='ocr_line' id='line_1_6' title="bbox 167 915 1228 1017; baseline -0.001 -25"><span class='ocrx_word' id='word_1_40' title='bbox 167 920 213 992; x_wconf 90' lang='lat' dir='ltr'>ad</span> <span class='ocrx_word' id='word_1_41' title='bbox 232 919 353 991; x_wconf 91' lang='lat' dir='ltr'>Deum</span> <span class='ocrx_word' id='word_1_42' title='bbox 371 934 502 991; x_wconf 88' lang='lat' dir='ltr'>curras.</span> <span class='ocrx_word' id='word_1_43' title='bbox 517 963 532 1017; x_wconf 54' lang='grc' dir='ltr'><strong><em>χ</em></strong></span> <span class='ocrx_word' id='word_1_44' title='bbox 556 915 732 1013; x_wconf 81' lang='lat' dir='ltr'>Magni&amp;</span> <span class='ocrx_word' id='word_1_45' title='bbox 745 917 875 992; x_wconf 84' lang='lat' dir='ltr'>excelli</span> <span class='ocrx_word' id='word_1_46' title='bbox 894 918 999 991; x_wconf 86' lang='lat' dir='ltr'>animi</span> <span class='ocrx_word' id='word_1_47' title='bbox 1017 915 1090 1009; x_wconf 90' lang='lat' dir='ltr'>est,</span> <span class='ocrx_word' id='word_1_48' title='bbox 1116 917 1228 1010; x_wconf 88' lang='lat' dir='ltr'>despi-</span> 
     </span>
     <span class='ocr_line' id='line_1_7' title="bbox 167 1017 1230 1114; baseline 0.001 -24"><span class='ocrx_word' id='word_1_49' title='bbox 167 1038 251 1090; x_wconf 86' lang='lat' dir='ltr'><strong>cere</strong></span> <span class='ocrx_word' id='word_1_50' title='bbox 269 1017 303 1089; x_wconf 87' lang='lat'>&amp;</span> <span class='ocrx_word' id='word_1_51' title='bbox 323 1018 459 1090; x_wconf 88' lang='lat' dir='ltr'>calcare</span> <span class='ocrx_word' id='word_1_52' title='bbox 476 1017 652 1110; x_wconf 84' lang='lat' dir='ltr'>mortalia.</span> <span class='ocrx_word' id='word_1_53' title='bbox 704 1017 775 1089; x_wconf 88' lang='lat' dir='ltr'>Sed</span> <span class='ocrx_word' id='word_1_54' title='bbox 793 1017 816 1091; x_wconf 90' lang='lat' dir='ltr'>s1</span> <span class='ocrx_word' id='word_1_55' title='bbox 843 1017 932 1091; x_wconf 89' lang='lat' dir='ltr'>hanc</span> <span class='ocrx_word' id='word_1_56' title='bbox 954 1017 1230 1114; x_wconf 78' lang='lat' dir='ltr'>virtutemnon</span> 
     </span>
     <span class='ocr_line' id='line_1_8' title="bbox 166 1114 1269 1210; baseline 0.001 -22"><span class='ocrx_word' id='word_1_57' title='bbox 166 1118 286 1210; x_wconf 87' lang='lat' dir='ltr'>capis,</span> <span class='ocrx_word' id='word_1_58' title='bbox 312 1130 354 1187; x_wconf 92' lang='lat' dir='ltr'>ut</span> <span class='ocrx_word' id='word_1_59' title='bbox 367 1116 510 1188; x_wconf 87' lang='lat' dir='ltr'>divitias</span> <span class='ocrx_word' id='word_1_60' title='bbox 526 1131 605 1188; x_wconf 91' lang='lat' dir='ltr'>tuas</span> <span class='ocrx_word' id='word_1_61' title='bbox 631 1118 778 1189; x_wconf 80' lang='lat' dir='ltr'>inarum</span> <span class='ocrx_word' id='word_1_62' title='bbox 794 1115 863 1188; x_wconf 89' lang='lat' dir='ltr'>Dei</span> <span class='ocrx_word' id='word_1_63' title='bbox 879 1114 1069 1208; x_wconf 87' lang='lat' dir='ltr'>conferas,</span> <span class='ocrx_word' id='word_1_64' title='bbox 1095 1131 1135 1188; x_wconf 93' lang='lat' dir='ltr'>ut</span> <span class='ocrx_word' id='word_1_65' title='bbox 1161 1115 1230 1191; x_wconf 86' lang='lat' dir='ltr'>ira·</span> <span class='ocrx_word' id='word_1_66' title='bbox 1266 1127 1269 1144; x_wconf 90' lang='lat'>&#39;</span> 
     </span>
     <span class='ocr_line' id='line_1_9' title="bbox 166 1212 1228 1311; baseline 0 -24"><span class='ocrx_word' id='word_1_67' title='bbox 166 1216 295 1311; x_wconf 85' lang='lat' dir='ltr'>gilibus</span> <span class='ocrx_word' id='word_1_68' title='bbox 315 1215 392 1288; x_wconf 75' lang='lat' dir='ltr'>sibi</span> <span class='ocrx_word' id='word_1_69' title='bbox 425 1235 612 1307; x_wconf 85' lang='lat' dir='ltr'>compares</span> <span class='ocrx_word' id='word_1_70' title='bbox 647 1212 828 1306; x_wconf 83' lang='lat' dir='ltr'>firmiora,</span> <span class='ocrx_word' id='word_1_71' title='bbox 868 1216 1030 1294; x_wconf 84' lang='lat' dir='ltr'>liberabo</span> <span class='ocrx_word' id='word_1_72' title='bbox 1056 1230 1093 1289; x_wconf 89' lang='lat' dir='ltr'>te</span> <span class='ocrx_word' id='word_1_73' title='bbox 1117 1232 1228 1301; x_wconf 70' lang='lat' dir='ltr'>metu,</span> 
     </span>
     <span class='ocr_line' id='line_1_10' title="bbox 167 1312 1317 1408; baseline 0.003 -23"><span class='ocrx_word' id='word_1_74' title='bbox 167 1315 299 1387; x_wconf 90' lang='lat' dir='ltr'>Omnia</span> <span class='ocrx_word' id='word_1_75' title='bbox 321 1312 383 1389; x_wconf 88' lang='lat' dir='ltr'>ista</span> <span class='ocrx_word' id='word_1_76' title='bbox 403 1330 582 1408; x_wconf 80' lang='lat' dir='ltr'>praecepta</span> <span class='ocrx_word' id='word_1_77' title='bbox 605 1334 684 1388; x_wconf 90' lang='lat' dir='ltr'>non</span> <span class='ocrx_word' id='word_1_78' title='bbox 703 1315 769 1386; x_wconf 89' lang='lat' dir='ltr'>tibi</span> <span class='ocrx_word' id='word_1_79' title='bbox 785 1312 852 1386; x_wconf 91' lang='lat' dir='ltr'>soli</span> <span class='ocrx_word' id='word_1_80' title='bbox 874 1315 1028 1404; x_wconf 80' lang='lat' dir='ltr'>dantur,</span> <span class='ocrx_word' id='word_1_81' title='bbox 1049 1312 1107 1388; x_wconf 87' lang='lat' dir='ltr'>sed</span> <span class='ocrx_word' id='word_1_82' title='bbox 1127 1312 1228 1388; x_wconf 90' lang='lat' dir='ltr'>omni</span> <span class='ocrx_word' id='word_1_83' title='bbox 1315 1337 1317 1342; x_wconf 68' lang='grc'>’</span> 
     </span>
     <span class='ocr_line' id='line_1_11' title="bbox 166 1411 1229 1507; baseline 0.004 -23"><span class='ocrx_word' id='word_1_84' title='bbox 166 1416 328 1507; x_wconf 92' lang='lat' dir='ltr'>populo,</span> <span class='ocrx_word' id='word_1_85' title='bbox 355 1415 415 1504; x_wconf 92' lang='lat' dir='ltr'>qui</span> <span class='ocrx_word' id='word_1_86' title='bbox 439 1427 559 1491; x_wconf 84' lang='lat' dir='ltr'>mente</span> <span class='ocrx_word' id='word_1_87' title='bbox 577 1411 786 1505; x_wconf 79' lang='lat' dir='ltr'>conjundtus</span> <span class='ocrx_word' id='word_1_88' title='bbox 803 1412 873 1506; x_wconf 91' lang='lat' dir='ltr'>est,</span> <span class='ocrx_word' id='word_1_89' title='bbox 901 1414 933 1484; x_wconf 74' lang='lat' dir='ltr'>du</span> <span class='ocrx_word' id='word_1_90' title='bbox 959 1415 1117 1486; x_wconf 87' lang='lat' dir='ltr'>cohaeret</span> <span class='ocrx_word' id='word_1_91' title='bbox 1139 1413 1229 1488; x_wconf 84' lang='lat' dir='ltr'>srcut</span> 
     </span>
     <span class='ocr_line' id='line_1_12' title="bbox 167 1509 1229 1606; baseline -0.002 -20"><span class='ocrx_word' id='word_1_92' title='bbox 167 1515 281 1586; x_wconf 91' lang='lat' dir='ltr'>homo</span> <span class='ocrx_word' id='word_1_93' title='bbox 306 1532 409 1586; x_wconf 91' lang='lat' dir='ltr'>unus.</span> <span class='ocrx_word' id='word_1_94' title='bbox 470 1512 506 1584; x_wconf 89' lang='lat' dir='ltr'>Si</span> <span class='ocrx_word' id='word_1_95' title='bbox 527 1510 621 1598; x_wconf 89' lang='lat' dir='ltr'>solus</span> <span class='ocrx_word' id='word_1_96' title='bbox 639 1515 772 1606; x_wconf 86' lang='lat' dir='ltr'>magnis</span> <span class='ocrx_word' id='word_1_97' title='bbox 796 1511 964 1605; x_wconf 88' lang='lat' dir='ltr'>operibus</span> <span class='ocrx_word' id='word_1_98' title='bbox 985 1532 1060 1585; x_wconf 90' lang='lat' dir='ltr'>non</span> <span class='ocrx_word' id='word_1_99' title='bbox 1082 1509 1229 1605; x_wconf 87' lang='lat' dir='ltr'>sufficis,</span> 
     </span>
     <span class='ocr_line' id='line_1_13' title="bbox 166 1612 1313 1705; baseline 0.002 -23"><span class='ocrx_word' id='word_1_100' title='bbox 166 1632 236 1705; x_wconf 89' lang='lat' dir='ltr'>pro</span> <span class='ocrx_word' id='word_1_101' title='bbox 252 1612 346 1682; x_wconf 90' lang='lat' dir='ltr'>virili</span> <span class='ocrx_word' id='word_1_102' title='bbox 363 1626 465 1702; x_wconf 87' lang='lat' dir='ltr'>parte</span> <span class='ocrx_word' id='word_1_103' title='bbox 479 1631 631 1705; x_wconf 86' lang='lat' dir='ltr'>operare</span> <span class='ocrx_word' id='word_1_104' title='bbox 645 1612 836 1704; x_wconf 87' lang='lat' dir='ltr'>justitiam,</span> <span class='ocrx_word' id='word_1_105' title='bbox 863 1612 909 1685; x_wconf 84' lang='lat' dir='ltr'>fic</span> <span class='ocrx_word' id='word_1_106' title='bbox 920 1626 1052 1704; x_wconf 89' lang='lat' dir='ltr'>tamen,</span> <span class='ocrx_word' id='word_1_107' title='bbox 1064 1627 1105 1684; x_wconf 89' lang='lat' dir='ltr'>ut</span> <span class='ocrx_word' id='word_1_108' title='bbox 1120 1632 1228 1704; x_wconf 64' lang='lat' dir='ltr'>quan7</span> <span class='ocrx_word' id='word_1_109' title='bbox 1310 1625 1313 1640; x_wconf 76' lang='lat'><strong>¹</strong></span> 
     </span>
     <span class='ocr_line' id='line_1_14' title="bbox 167 1711 1228 1804; baseline 0.006 -22"><span class='ocrx_word' id='word_1_110' title='bbox 167 1727 245 1785; x_wconf 87' lang='lat' dir='ltr'>tum</span> <span class='ocrx_word' id='word_1_111' title='bbox 265 1711 398 1794; x_wconf 80' lang='lat' dir='ltr'>divitiis</span> <span class='ocrx_word' id='word_1_112' title='bbox 422 1712 515 1784; x_wconf 91' lang='lat' dir='ltr'>inter</span> <span class='ocrx_word' id='word_1_113' title='bbox 539 1725 714 1804; x_wconf 80' lang='lat' dir='ltr'>caeteros,</span> <span class='ocrx_word' id='word_1_114' title='bbox 741 1721 878 1784; x_wconf 84' lang='lat' dir='ltr'>tanturn</span> <span class='ocrx_word' id='word_1_115' title='bbox 903 1730 1015 1802; x_wconf 88' lang='lat' dir='ltr'>opere</span> <span class='ocrx_word' id='word_1_116' title='bbox 1036 1711 1228 1802; x_wconf 78' lang='lat' dir='ltr'>praecellas.</span> 
     </span>
     <span class='ocr_line' id='line_1_15' title="bbox 166 1805 1331 1905; baseline 0.002 -23"><span class='ocrx_word' id='word_1_117' title='bbox 166 1810 299 1900; x_wconf 88' lang='lat' dir='ltr'>Neque</span> <span class='ocrx_word' id='word_1_118' title='bbox 326 1831 421 1883; x_wconf 91' lang='lat' dir='ltr'>nunc</span> <span class='ocrx_word' id='word_1_119' title='bbox 445 1809 581 1883; x_wconf 87' lang='lat' dir='ltr'>suaderi</span> <span class='ocrx_word' id='word_1_120' title='bbox 607 1811 672 1882; x_wconf 92' lang='lat' dir='ltr'>tibi</span> <span class='ocrx_word' id='word_1_121' title='bbox 700 1827 830 1905; x_wconf 88' lang='lat' dir='ltr'>putes,</span> <span class='ocrx_word' id='word_1_122' title='bbox 855 1824 997 1884; x_wconf 83' lang='lat' dir='ltr'>utrem</span> <span class='ocrx_word' id='word_1_123' title='bbox 1022 1805 1237 1888; x_wconf 82' lang='lat' dir='ltr'>familiarem</span> <span class='ocrx_word' id='word_1_124' title='bbox 1327 1820 1331 1828; x_wconf 88' lang='lat'>&#39;</span> 
     </span>
     <span class='ocr_line' id='line_1_16' title="bbox 169 1906 1228 2000; baseline 0.002 -20"><span class='ocrx_word' id='word_1_125' title='bbox 169 1926 267 1981; x_wconf 88' lang='lat' dir='ltr'>tuam</span> <span class='ocrx_word' id='word_1_126' title='bbox 288 1910 445 1988; x_wconf 83' lang='lat' dir='ltr'>minuas,</span> <span class='ocrx_word' id='word_1_127' title='bbox 473 1911 529 1980; x_wconf 91' lang='lat' dir='ltr'>vel</span> <span class='ocrx_word' id='word_1_128' title='bbox 555 1909 761 1982; x_wconf 86' lang='lat' dir='ltr'>exhaurias:</span> <span class='ocrx_word' id='word_1_129' title='bbox 788 1908 846 1981; x_wconf 88' lang='lat' dir='ltr'>sed</span> <span class='ocrx_word' id='word_1_130' title='bbox 861 1929 940 2000; x_wconf 73' lang='lat' dir='ltr'>vquae</span> <span class='ocrx_word' id='word_1_131' title='bbox 956 1912 991 1981; x_wconf 93' lang='lat' dir='ltr'>in</span> <span class='ocrx_word' id='word_1_132' title='bbox 1009 1906 1228 2000; x_wconf 87' lang='lat' dir='ltr'>supervacua</span> 
     </span>
     <span class='ocr_line' id='line_1_17' title="bbox 169 2006 1227 2099; baseline 0.001 -18"><span class='ocrx_word' id='word_1_133' title='bbox 169 2008 289 2081; x_wconf 85' lang='lat' dir='ltr'>fueras</span> <span class='ocrx_word' id='word_1_134' title='bbox 309 2006 548 2099; x_wconf 85' lang='lat' dir='ltr'>impensurus,</span> <span class='ocrx_word' id='word_1_135' title='bbox 576 2008 619 2078; x_wconf 91' lang='lat' dir='ltr'>ad</span> <span class='ocrx_word' id='word_1_136' title='bbox 636 2010 784 2080; x_wconf 82' lang='lat' dir='ltr'>meliora</span> <span class='ocrx_word' id='word_1_137' title='bbox 801 2025 1007 2080; x_wconf 86' lang='lat' dir='ltr'>convertas.</span> <span class='ocrx_word' id='word_1_138' title='bbox 1043 2007 1151 2081; x_wconf 86' lang='lat' dir='ltr'>Unde</span> <span class='ocrx_word' id='word_1_139' title='bbox 1168 2011 1227 2082; x_wconf 60' lang='lat' dir='ltr'>bess</span> 
     </span>
     <span class='ocr_line' id='line_1_18' title="bbox 169 2103 1226 2204; baseline 0.001 -24"><span class='ocrx_word' id='word_1_140' title='bbox 169 2106 250 2180; x_wconf 87' lang='lat' dir='ltr'>stias</span> <span class='ocrx_word' id='word_1_141' title='bbox 276 2107 384 2197; x_wconf 90' lang='lat' dir='ltr'>emis,</span> <span class='ocrx_word' id='word_1_142' title='bbox 411 2106 494 2180; x_wconf 87' lang='lat' dir='ltr'>hinc</span> <span class='ocrx_word' id='word_1_143' title='bbox 520 2121 646 2198; x_wconf 90' lang='lat' dir='ltr'>captos</span> <span class='ocrx_word' id='word_1_144' title='bbox 671 2108 826 2196; x_wconf 87' lang='lat' dir='ltr'>redime;</span> <span class='ocrx_word' id='word_1_145' title='bbox 861 2107 957 2180; x_wconf 89' lang='lat' dir='ltr'>unde</span> <span class='ocrx_word' id='word_1_146' title='bbox 982 2105 1074 2180; x_wconf 85' lang='lat' dir='ltr'>feras</span> <span class='ocrx_word' id='word_1_147' title='bbox 1097 2103 1226 2204; x_wconf 85' lang='lat' dir='ltr'>pascis,</span> 
     </span>
     <span class='ocr_line' id='line_1_19' title="bbox 168 2204 1227 2302; baseline 0.004 -24"><span class='ocrx_word' id='word_1_148' title='bbox 168 2206 253 2278; x_wconf 90' lang='lat' dir='ltr'>hinc</span> <span class='ocrx_word' id='word_1_149' title='bbox 267 2224 438 2299; x_wconf 89' lang='lat' dir='ltr'>pauperes</span> <span class='ocrx_word' id='word_1_150' title='bbox 457 2206 533 2292; x_wconf 88' lang='lat' dir='ltr'>ale;</span> <span class='ocrx_word' id='word_1_151' title='bbox 559 2204 654 2277; x_wconf 87' lang='lat' dir='ltr'>unde</span> <span class='ocrx_word' id='word_1_152' title='bbox 669 2205 833 2288; x_wconf 82' lang='lat' dir='ltr'>homines</span> <span class='ocrx_word' id='word_1_153' title='bbox 850 2206 893 2277; x_wconf 89' lang='lat' dir='ltr'>ad</span> <span class='ocrx_word' id='word_1_154' title='bbox 912 2207 1064 2302; x_wconf 86' lang='lat' dir='ltr'>gladium</span> <span class='ocrx_word' id='word_1_155' title='bbox 1083 2228 1227 2300; x_wconf 89' lang='lat' dir='ltr'>compa·</span> 
     </span>
     <span class='ocr_line' id='line_1_20' title="bbox 167 2301 1227 2398; baseline 0.004 -24"><span class='ocrx_word' id='word_1_156' title='bbox 167 2324 245 2396; x_wconf 85' lang='lat' dir='ltr'>ras,</span> <span class='ocrx_word' id='word_1_157' title='bbox 273 2307 355 2376; x_wconf 88' lang='lat' dir='ltr'>hinc</span> <span class='ocrx_word' id='word_1_158' title='bbox 374 2305 587 2378; x_wconf 86' lang='lat' dir='ltr'>innocentes</span> <span class='ocrx_word' id='word_1_159' title='bbox 607 2322 772 2380; x_wconf 89' lang='lat' dir='ltr'>mortuos</span> <span class='ocrx_word' id='word_1_160' title='bbox 789 2301 906 2398; x_wconf 89' lang='lat' dir='ltr'>sepeli.</span> <span class='ocrx_word' id='word_1_161' title='bbox 959 2304 1057 2398; x_wconf 90' lang='lat' dir='ltr'>Quid</span> <span class='ocrx_word' id='word_1_162' title='bbox 1082 2304 1227 2397; x_wconf 89' lang='lat' dir='ltr'>prodest</span> 
     </span>
     <span class='ocr_line' id='line_1_21' title="bbox 167 2402 1227 2497; baseline 0 -22"><span class='ocrx_word' id='word_1_163' title='bbox 167 2404 318 2497; x_wconf 84' lang='lat' dir='ltr'>perditae</span> <span class='ocrx_word' id='word_1_164' title='bbox 339 2403 504 2496; x_wconf 85' lang='lat' dir='ltr'>nequitiae</span> <span class='ocrx_word' id='word_1_165' title='bbox 529 2403 711 2476; x_wconf 90' lang='lat' dir='ltr'>bestiarios</span> <span class='ocrx_word' id='word_1_166' title='bbox 735 2402 854 2476; x_wconf 86' lang='lat' dir='ltr'>facere</span> <span class='ocrx_word' id='word_1_167' title='bbox 873 2403 1095 2494; x_wconf 83' lang='lat' dir='ltr'>locupletes,</span> <span class='ocrx_word' id='word_1_168' title='bbox 1123 2402 1227 2476; x_wconf 83' lang='lat' dir='ltr'>&amp;in-</span> 
     </span>
     <span class='ocr_line' id='line_1_22' title="bbox 168 2497 1228 2598; baseline 0.002 -22"><span class='ocrx_word' id='word_1_169' title='bbox 168 2502 304 2576; x_wconf 89' lang='lat' dir='ltr'>struere</span> <span class='ocrx_word' id='word_1_170' title='bbox 321 2506 364 2576; x_wconf 91' lang='lat' dir='ltr'>ad</span> <span class='ocrx_word' id='word_1_171' title='bbox 382 2500 539 2598; x_wconf 67' lang='lat' dir='ltr'>flagitia?</span> <span class='ocrx_word' id='word_1_172' title='bbox 587 2498 762 2575; x_wconf 84' lang='lat' dir='ltr'>Transfer</span> <span class='ocrx_word' id='word_1_173' title='bbox 778 2502 822 2575; x_wconf 93' lang='lat' dir='ltr'>ad</span> <span class='ocrx_word' id='word_1_174' title='bbox 838 2521 1000 2598; x_wconf 85' lang='lat' dir='ltr'>magnum</span> <span class='ocrx_word' id='word_1_175' title='bbox 1020 2497 1228 2578; x_wconf 88' lang='lat' dir='ltr'>sacrificium</span> 
     </span>
     <span class='ocr_line' id='line_1_23' title="bbox 167 2599 1227 2695; baseline -0.003 -18"><span class='ocrx_word' id='word_1_176' title='bbox 167 2606 260 2677; x_wconf 86' lang='lat' dir='ltr'>male</span> <span class='ocrx_word' id='word_1_177' title='bbox 275 2606 452 2694; x_wconf 71' lang='lat' dir='ltr'>peritura,</span> <span class='ocrx_word' id='word_1_178' title='bbox 480 2615 520 2674; x_wconf 88' lang='lat' dir='ltr'>ut</span> <span class='ocrx_word' id='word_1_179' title='bbox 542 2620 609 2695; x_wconf 90' lang='lat' dir='ltr'>pro</span> <span class='ocrx_word' id='word_1_180' title='bbox 631 2599 685 2673; x_wconf 90' lang='lat' dir='ltr'>his</span> <span class='ocrx_word' id='word_1_181' title='bbox 711 2602 805 2674; x_wconf 86' lang='lat' dir='ltr'>veris</span> <span class='ocrx_word' id='word_1_182' title='bbox 828 2600 1034 2675; x_wconf 85' lang='lat' dir='ltr'>muneribus</span> <span class='ocrx_word' id='word_1_183' title='bbox 1057 2601 1227 2676; x_wconf 78' lang='lat' dir='ltr'>liabeasa</span> 
     </span>
     <span class='ocr_line' id='line_1_24' title="bbox 168 2696 1226 2802; baseline -0.002 -28"><span class='ocrx_word' id='word_1_184' title='bbox 168 2701 254 2774; x_wconf 88' lang='lat' dir='ltr'>Deo</span> <span class='ocrx_word' id='word_1_185' title='bbox 273 2724 400 2776; x_wconf 91' lang='lat' dir='ltr'>munus</span> <span class='ocrx_word' id='word_1_186' title='bbox 420 2714 601 2802; x_wconf 71' lang='lat' dir='ltr'>aeternum.</span> <span class='ocrx_word' id='word_1_187' title='bbox 654 2697 787 2796; x_wconf 80' lang='lat' dir='ltr'>Magna</span> <span class='ocrx_word' id='word_1_188' title='bbox 806 2697 856 2773; x_wconf 89' lang='lat' dir='ltr'>est</span> <span class='ocrx_word' id='word_1_189' title='bbox 875 2696 1120 2772; x_wconf 78' lang='lat' dir='ltr'>misericordie</span> <span class='ocrx_word' id='word_1_190' title='bbox 1136 2718 1226 2774; x_wconf 88' lang='lat' dir='ltr'>mer·</span> 
     </span>
     <span class='ocr_line' id='line_1_25' title="bbox 170 2793 1226 2893; baseline 0 -21"><span class='ocrx_word' id='word_1_191' title='bbox 170 2822 251 2892; x_wconf 89' lang='lat' dir='ltr'>ces,</span> <span class='ocrx_word' id='word_1_192' title='bbox 279 2801 336 2872; x_wconf 92' lang='lat' dir='ltr'>cui</span> <span class='ocrx_word' id='word_1_193' title='bbox 361 2799 459 2872; x_wconf 85' lang='lat' dir='ltr'>Deus</span> <span class='ocrx_word' id='word_1_194' title='bbox 480 2801 694 2892; x_wconf 89' lang='lat' dir='ltr'>pollicetur,</span> <span class='ocrx_word' id='word_1_195' title='bbox 721 2793 919 2893; x_wconf 85' lang='lat' dir='ltr'>peccatnse</span> <span class='ocrx_word' id='word_1_196' title='bbox 934 2800 1054 2872; x_wconf 88' lang='lat' dir='ltr'>omnia</span> <span class='ocrx_word' id='word_1_197' title='bbox 1070 2796 1226 2872; x_wconf 87' lang='lat' dir='ltr'>remissu-</span> 
     </span>
     <span class='ocr_line' id='line_1_26' title="bbox 147 2895 1224 2994; baseline 0.002 -25"><span class='ocrx_word' id='word_1_198' title='bbox 147 2921 259 2986; x_wconf 65' lang='lat' dir='ltr'>rum.</span> <span class='ocrx_word' id='word_1_199' title='bbox 285 2899 320 2970; x_wconf 88' lang='lat' dir='ltr'>Si</span> <span class='ocrx_word' id='word_1_200' title='bbox 337 2897 505 2988; x_wconf 88' lang='lat' dir='ltr'>audieris,</span> <span class='ocrx_word' id='word_1_201' title='bbox 531 2900 666 2990; x_wconf 82' lang='lat' dir='ltr'>inquit,</span> <span class='ocrx_word' id='word_1_202' title='bbox 692 2918 817 2993; x_wconf 90' lang='lat' dir='ltr'>preces</span> <span class='ocrx_word' id='word_1_203' title='bbox 833 2895 995 2991; x_wconf 86' lang='lat' dir='ltr'>supplicis</span> <span class='ocrx_word' id='word_1_204' title='bbox 1012 2901 1085 2989; x_wconf 89' lang='lat' dir='ltr'>tui,</span> <span class='ocrx_word' id='word_1_205' title='bbox 1112 2897 1224 2994; x_wconf 86' lang='lat' dir='ltr'>&amp;ego</span> 
     </span>
     <span class='ocr_line' id='line_1_27' title="bbox 170 2995 1223 3091; baseline 0.001 -21"><span class='ocrx_word' id='word_1_206' title='bbox 170 2999 308 3070; x_wconf 81' lang='lat' dir='ltr'>audiam</span> <span class='ocrx_word' id='word_1_207' title='bbox 326 3012 415 3073; x_wconf 90' lang='lat' dir='ltr'>tuas.</span> <span class='ocrx_word' id='word_1_208' title='bbox 466 2998 502 3071; x_wconf 83' lang='lat' dir='ltr'>Si</span> <span class='ocrx_word' id='word_1_209' title='bbox 518 2997 678 3072; x_wconf 84' lang='lat' dir='ltr'>misertus</span> <span class='ocrx_word' id='word_1_210' title='bbox 694 2998 933 3075; x_wconf 88' lang='lat' dir='ltr'>laborantium</span> <span class='ocrx_word' id='word_1_211' title='bbox 950 2995 1081 3087; x_wconf 85' lang='lat' dir='ltr'>fueris,</span> <span class='ocrx_word' id='word_1_212' title='bbox 1107 2997 1223 3091; x_wconf 81' lang='lat' dir='ltr'>&amp;ego</span> 
     </span>
     <span class='ocr_line' id='line_1_28' title="bbox 170 3089 1224 3187; baseline 0.001 -20"><span class='ocrx_word' id='word_1_213' title='bbox 170 3097 291 3170; x_wconf 92' lang='lat' dir='ltr'>intuo</span> <span class='ocrx_word' id='word_1_214' title='bbox 311 3094 656 3175; x_wconf 83' lang='lat' dir='ltr'>laboremiserebor.</span> <span class='ocrx_word' id='word_1_215' title='bbox 707 3097 743 3169; x_wconf 81' lang='lat' dir='ltr'>Si</span> <span class='ocrx_word' id='word_1_216' title='bbox 767 3114 886 3170; x_wconf 90' lang='lat' dir='ltr'>autem</span> <span class='ocrx_word' id='word_1_217' title='bbox 912 3115 989 3167; x_wconf 91' lang='lat' dir='ltr'>non</span> <span class='ocrx_word' id='word_1_218' title='bbox 1012 3089 1224 3187; x_wconf 84' lang='lat' dir='ltr'>respexeris,</span> 
     </span>
     <span class='ocr_line' id='line_1_29' title="bbox 170 3197 1309 3297; baseline -0.005 -31"><span class='ocrx_word' id='word_1_219' title='bbox 170 3217 240 3278; x_wconf 87' lang='lat' dir='ltr'>nec</span> <span class='ocrx_word' id='word_1_220' title='bbox 248 3197 449 3288; x_wconf 85' lang='lat' dir='ltr'>adjuveris,</span> <span class='ocrx_word' id='word_1_221' title='bbox 476 3197 595 3297; x_wconf 84' lang='lat' dir='ltr'>&amp;ego</span> <span class='ocrx_word' id='word_1_222' title='bbox 609 3197 763 3271; x_wconf 89' lang='lat' dir='ltr'>animum</span> <span class='ocrx_word' id='word_1_223' title='bbox 779 3210 879 3271; x_wconf 87' lang='lat' dir='ltr'>tuum</span> <span class='ocrx_word' id='word_1_224' title='bbox 897 3208 1025 3268; x_wconf 88' lang='lat' dir='ltr'>contra</span> <span class='ocrx_word' id='word_1_225' title='bbox 1039 3206 1076 3266; x_wconf 91' lang='lat' dir='ltr'>te</span> <span class='ocrx_word' id='word_1_226' title='bbox 1089 3204 1235 3290; x_wconf 78' lang='lat' dir='ltr'>geram,</span> <span class='ocrx_word' id='word_1_227' title='bbox 1305 3247 1309 3260; x_wconf 76' lang='grc'><strong>,</strong></span> 
     </span>
     <span class='ocr_line' id='line_1_30' title="bbox 172 3294 713 3391; baseline 0.007 -24"><span class='ocrx_word' id='word_1_228' title='bbox 172 3297 314 3387; x_wconf 87' lang='lat' dir='ltr'>tuisque</span> <span class='ocrx_word' id='word_1_229' title='bbox 328 3311 366 3368; x_wconf 88' lang='lat' dir='ltr'>te</span> <span class='ocrx_word' id='word_1_230' title='bbox 379 3294 515 3391; x_wconf 87' lang='lat' dir='ltr'>legibus</span> <span class='ocrx_word' id='word_1_231' title='bbox 530 3295 713 3390; x_wconf 81' lang='lat' dir='ltr'>judicabo.</span> 
     </span>
    </p>
   </div>
   <div class='ocr_carea' id='block_1_3' title="bbox 475 3530 996 3609">
    <p class='ocr_par' dir='ltr' id='par_1_3' title="bbox 475 3530 996 3609">
     <span class='ocr_line' id='line_1_31' title="bbox 475 3530 996 3609; baseline -0.006 -1"><span class='ocrx_word' id='word_1_232' title='bbox 475 3530 743 3609; x_wconf 81' lang='lat' dir='ltr'>CAPUT</span> <span class='ocrx_word' id='word_1_233' title='bbox 789 3530 905 3608; x_wconf 84' lang='lat' dir='ltr'>Xlll.</span> <span class='ocrx_word' id='word_1_234' title='bbox 994 3543 996 3552; x_wconf 88' lang='lat'>&#39;</span> 
     </span>
    </p>
   </div>
   <div class='ocr_carea' id='block_1_4' title="bbox 198 3677 1192 3792">
    <p class='ocr_par' dir='ltr' id='par_1_4' title="bbox 198 3677 1192 3792">
     <span class='ocr_line' id='line_1_32' title="bbox 198 3677 1192 3792; baseline -0.006 -22"><span class='ocrx_word' id='word_1_235' title='bbox 198 3700 252 3770; x_wconf 83' lang='lat' dir='ltr'>De</span> <span class='ocrx_word' id='word_1_236' title='bbox 270 3701 487 3788; x_wconf 73' lang='lat' dir='ltr'>Paenitentia,</span> <span class='ocrx_word' id='word_1_237' title='bbox 512 3695 548 3769; x_wconf 81' lang='lat' dir='ltr'>ds</span> <span class='ocrx_word' id='word_1_238' title='bbox 563 3693 803 3788; x_wconf 74' lang='lat' dir='ltr'>Misericordia,</span> <span class='ocrx_word' id='word_1_239' title='bbox 826 3717 862 3765; x_wconf 80' lang='lat' dir='ltr'>os</span> <span class='ocrx_word' id='word_1_240' title='bbox 874 3677 1068 3792; x_wconf 64' lang='lat' dir='ltr'>parantum</span> <span class='ocrx_word' id='word_1_241' title='bbox 1081 3695 1192 3764; x_wconf 76' lang='lat' dir='ltr'>venia.</span> 
     </span>
    </p>
   </div>
   <div class='ocr_carea' id='block_1_5' title="bbox 222 3839 1307 4179">
    <p class='ocr_par' dir='ltr' id='par_1_5' title="bbox 222 3839 1307 4179">
     <span class='ocr_line' id='line_1_33' title="bbox 262 3839 1222 3991; baseline -0.004 -23"><span class='ocrx_word' id='word_1_242' title='bbox 262 3897 381 3970; x_wconf 85' lang='lat' dir='ltr'>uoties</span> <span class='ocrx_word' id='word_1_243' title='bbox 399 3895 506 3991; x_wconf 83' lang='lat' dir='ltr'>igitur</span> <span class='ocrx_word' id='word_1_244' title='bbox 522 3845 682 3990; x_wconf 84' lang='lat' dir='ltr'>rogaris,</span> <span class='ocrx_word' id='word_1_245' title='bbox 705 3892 838 3966; x_wconf 88' lang='lat' dir='ltr'>tentari</span> <span class='ocrx_word' id='word_1_246' title='bbox 851 3904 889 3964; x_wconf 88' lang='lat' dir='ltr'>te</span> <span class='ocrx_word' id='word_1_247' title='bbox 900 3912 923 3966; x_wconf 84' lang='lat' dir='ltr'>a</span> <span class='ocrx_word' id='word_1_248' title='bbox 934 3839 1018 3966; x_wconf 73' lang='lat' dir='ltr'>uso</span> <span class='ocrx_word' id='word_1_249' title='bbox 1036 3885 1158 3980; x_wconf 87' lang='lat' dir='ltr'>crede,</span> <span class='ocrx_word' id='word_1_250' title='bbox 1176 3911 1222 3964; x_wconf 87' lang='lat' dir='ltr'>an</span> 
     </span>
     <span class='ocr_line' id='line_1_34' title="bbox 287 3973 1307 4092; baseline -0.002 -22"><span class='ocrx_word' id='word_1_251' title='bbox 287 3995 328 4070; x_wconf 86' lang='lat' dir='ltr'>srs</span> <span class='ocrx_word' id='word_1_252' title='bbox 361 3996 485 4092; x_wconf 76' lang='lat' dir='ltr'>dignus</span> <span class='ocrx_word' id='word_1_253' title='bbox 516 3994 642 4076; x_wconf 82' lang='lat' dir='ltr'>audiri.</span> <span class='ocrx_word' id='word_1_254' title='bbox 699 3973 938 4089; x_wconf 61' lang='lat' dir='ltr'>Circumspste</span> <span class='ocrx_word' id='word_1_255' title='bbox 954 3985 1222 4068; x_wconf 80' lang='lat' dir='ltr'>..conscientian</span> <span class='ocrx_word' id='word_1_256' title='bbox 1303 4039 1307 4052; x_wconf 86' lang='lat'>.</span> 
     </span>
     <span class='ocr_line' id='line_1_35' title="bbox 222 4085 1179 4179; baseline -0.014 -4"><span class='ocrx_word' id='word_1_257' title='bbox 222 4091 519 4174; x_wconf 64' lang='lat' dir='ltr'>mmmm.</span> <span class='ocrx_word' id='word_1_258' title='bbox 584 4095 598 4110; x_wconf 79' lang='grc'>“’</span> <span class='ocrx_word' id='word_1_259' title='bbox 706 4085 779 4164; x_wconf 76' lang='lat' dir='ltr'>‘ee</span> <span class='ocrx_word' id='word_1_260' title='bbox 828 4138 878 4152; x_wconf 84' lang='lat'>..</span> <span class='ocrx_word' id='word_1_261' title='bbox 1052 4102 1179 4179; x_wconf 82' lang='lat' dir='ltr'>mam,</span> 
     </span>
    </p>
   </div>
   <div class='ocr_carea' id='block_1_6' title="bbox 0 0 1422 4709">
    <p class='ocr_par' dir='ltr' id='par_1_6' title="bbox 0 0 1422 4709">
     <span class='ocr_line' id='line_1_36' title="bbox 0 0 1422 4709; baseline 0 0"><span class='ocrx_word' id='word_1_262' title='bbox 0 0 1422 4709; x_wconf 95' lang='lat' dir='ltr'> </span> 
     </span>
    </p>
   </div>
  </div>
 </body>
</html>
