2825 4709
348 291 507 434 [tuns
530 340 607 424 Vl.
632 288 852 424 nsvsno
878 312 1100 427 etr-'rmus⁶
1167 367 1235 459 391

175 529 280 610 quam
297 522 551 589 conventuros
569 510 664 583 inter
679 506 715 583 se
729 506 843 601 fuisse,
855 527 923 580 nec
939 507 1110 600 loquendi
1127 513 1238 588 ratio·

175 632 258 688 nem
278 623 499 704 reperturos,
509 609 572 682 nisa
589 631 653 683 eos
670 608 789 690 bestlae
806 605 1049 681 comedissent.
1063 608 1237 702 Haecaliis
1281 623 1286 632 '

175 712 286 788 delira
302 708 377 780 visa
393 706 492 802 sunt,
517 708 743 801 sciuerunt,
770 707 1028 799 dixeruntque,
1053 726 1130 780 non
1145 708 1238 784 sera·
1286 799 1289 806 Ι

173 830 254 884 rum
270 808 419 890 laniatus
438 806 573 891 causam
590 806 691 889 fuine
708 807 887 899 coeundi,
913 805 973 882 sed
988 803 1095 900 ipsam
1111 811 1236 901 potius

128 987 130 992 ,
173 909 449 996 humanitatem
474 909 594 1001 itaque
604 910 698 990 inter
713 907 748 982 se
762 921 1017 1003 congregatos,
1027 906 1236 997 quodnatu·

173 1029 214 1081 ra
239 1007 423 1086 hominum
449 1003 647 1089 solitudinis
672 1007 834 1103 fugiens,
861 1007 1175 1080 &communionis
1191 1029 1234 1081 ac

166 1105 352 1181 societatis
364 1121 534 1205 appetens
542 1105 639 1192 esset.
665 1105 755 1180 Non
770 1128 894 1203 magna
907 1108 1001 1180 inter
1017 1127 1081 1179 eos
1100 1106 1244 1201 discep·'
1305 1128 1313 1134 ·

172 1208 266 1279 tatio
283 1205 344 1281 est.
371 1206 549 1298 Siquidem
565 1205 673 1287 oausae
691 1207 843 1300 dispares
859 1208 951 1295 sunt,
961 1226 1018 1277 res
1032 1206 1155 1287 eadem
1169 1207 1231 1286 est.

170 1305 298 1380 Potuit
311 1307 418 1401 igitur
430 1321 631 1406 utrumque,
641 1309 723 1396 quia
737 1327 811 1380 non
824 1320 1018 1401 repugnat:
1044 1304 1102 1385 sed
1112 1321 1233 1394 tamen

171 1421 362 1495 utrumque
377 1406 476 1478 nullo
492 1406 603 1479 modo
626 1426 750 1496 uerum
766 1405 835 1493 est3
862 1406 943 1500 quia
967 1424 1042 1477 non
1064 1425 1128 1497 per
1154 1428 1232 1481 om·

171 1525 255 1579 nem
273 1518 401 1585 terram
422 1505 496 1583 nati
517 1502 598 1586 siant
619 1504 783 1585 homines
808 1503 964 1597 eterra,
991 1518 1157 1597 tanquam
1184 1526 1232 1580 ex

172 1603 337 1676 draconis
355 1605 501 1695 alicujus
518 1604 683 1685 dentibus
698 1601 945 1697 proseminati,
971 1618 1012 1673 ut
1033 1620 1152 1693 poetae
1179 1604 1234 1677 se·

170 1719 276 1793 tunt,
303 1701 361 1775 sed
378 1724 467 1776 unus
483 1704 595 1784 bomo
613 1724 633 1784 s
649 1702 731 1776 Deo
747 1700 848 1785 fliius
866 1701 936 1793 est,
964 1705 1006 1780 ab
1022 1724 1139 1792 eoque
1152 1724 1228 1776 uno

171 1804 287 1875 omnis
302 1816 396 1875 terra
411 1803 566 1876 humano
583 1822 714 1898 genere
730 1805 910 1900 completa
926 1800 988 1892 est,
1001 1801 1124 1882 eadem
1141 1800 1230 1873 scili·
1257 1837 1261 1842 ·

172 1904 399 1990 curatione,
425 1923 493 1992 qua
508 1900 624 1982 rursus
642 1901 926 1997 postdiluviums
952 1902 1048 2001 quod
1060 1916 1158 1973 certe
1169 1923 1247 1974 ue»
1304 1963 1311 1978 ,,

172 2022 256 2097 gare
273 2022 348 2073 non
369 2000 524 2092 possunt.
576 1999 686 2081 Nulls
699 2002 806 2096 igitur
821 2002 859 2083 in
876 2000 1159 2102 principio'saila
1178 2000 1230 2078 est
1284 1993 1287 2002 '

171 2098 348 2190 ejusmodi
367 2101 620 2193 congregatim
648 2120 883 2192 necunquam
897 2100 998 2184 suillo
1013 2102 1176 2183 homines
1191 2105 1229 2175 in

166 2199 339 2290 terra,qui
353 2212 481 2290 praeter
495 2198 677 2278 infantiam
692 2220 768 2279 non
781 2201 1226 2298 loquerentunintelliget,

170 2298 229 2371 cui
242 2298 334 2369 ratio
349 2318 426 2370 non
442 2296 549 2378 deest.
598 2296 787 2392 Fingamus
811 2312 932 2379 tamen
951 2299 1010 2370 illa
1030 2319 1116 2374 vera
1137 2299 1227 2392 elie,

170 2417 248 2489 quac
263 2396 413 2487 otios&
428 2396 540 2493 inepti
556 2394 654 2475 senes
671 2398 895 2487 fabulantur,
921 2410 963 2472 ut
983 2418 1047 2476 eos
1071 2394 1138 2476 suis
1162 2419 1227 2490 po·

170 2497 332 2570 tissimum
349 2497 499 2569 sensibus
517 2495 631 2574 &suis
648 2497 846 2576 rationibus
864 2496 1077 2576 refellamus.

243 2596 279 2667 Si
292 2597 359 2669 hac
373 2596 417 2668 de
433 2593 534 2668 causa
545 2593 626 2674 sunt
640 2596 802 2669 homines
821 2598 1085 2693 congregatisrt
1093 2594 1224 2674 mutuis

170 2697 308 2769 auxiliis
323 2694 602 2772 imbecillitatem
610 2693 702 2774 suam
718 2708 923 2772 tuerentur:
950 2694 1226 2775 succurrendum
1265 2699 1268 2704 ’

170 2793 222 2867 est
238 2795 344 2890 igitur
356 2794 512 2886 homini,
539 2795 598 2886 qul
613 2808 715 2891 egeat
730 2794 874 2872 auxilio.
925 2793 1015 2870 Cum
1031 2795 1124 2870 enim
1139 2813 1226 2885 prae·

167 2893 244 2967 srdii
260 2889 360 2966 causa
375 2892 537 2971 homiues
552 2891 760 2975 societatem
774 2913 858 2972 cum
870 2893 1225 2972 hominibusinlerint

169 2991 205 3063 δι
222 2991 418 3086 sanxerint,
445 2992 559 3068 foedus
584 2993 671 3070 illud
695 2994 790 3068 inter
814 2995 976 3074 homines
1003 3015 1022 3066 a
1045 2993 1224 3085 principio

168 3104 271 3162 ortus
290 3090 339 3165 sui
355 3091 459 3169 idum
476 3109 537 3170 aut
549 3094 786 3189 conservare,
812 3109 874 3172 aut
897 3115 971 3166 non
994 3091 1224 3191 conservare,

170 3187 340 3265 summum
356 3192 455 3266 nefas
474 3198 669 3286 putandum
684 3191 746 3268 est.
792 3193 886 3272 Num
903 3194 961 3285 qui
979 3194 1013 3269 se
1029 3188 1242 3288 apraestam

170 3288 220 3362 do
234 3290 368 3364 auxilio
383 3307 566 3385 removet,
577 3292 682 3366 etlam
698 3294 742 3364 ab
758 3292 967 3391 accipiendo
983 3290 1225 3388 seremoueat

166 3388 308 3481 necesse
322 3390 393 3479 est3
420 3394 646 3483 quianulllus
662 3412 775 3489 opera
792 3388 1135 3488 indignesenatui,
1162 3386 1224 3477 qul

169 3487 273 3561 alteri
287 3487 381 3563 suam
398 3491 561 3587 denegat.
599 3492 694 3563 lluic
708 3511 819 3582 vero,
846 3492 906 3581 qul
922 3488 956 3561 se
972 3485 1044 3580 ipss
1060 3483 1224 3564 dissociat

167 3607 210 3662 ac
227 3585 379 3663 secernit
393 3612 413 3662 a
427 3610 604 3683 corpore,
628 3609 705 3667 non
717 3590 792 3661 ritu
807 3583 1050 3680 bominis‚‘sed
1066 3585 1222 3666 serarum

166 3708 270 3763 more
290 3689 488 3764 vivendum
505 3688 566 3766 est.
618 3689 730 3787 Quod
745 3688 770 3761 sr
787 3684 864 3760 fieri
880 3705 955 3762 non
969 3683 1110 3780 potest,
1137 3684 1228 3788 reti·¹

165 3788 322 3861 nendum
339 3787 390 3860 est
403 3790 511 3886 igitur
526 3788 751 3866 omni-modo
765 3789 948 3864 vinculum
963 3783 1143 3858 societatis
1158 3785 1221 3856 liu

165 3906 297 3979 mane,
322 3889 403 3978 quia
418 3890 529 3963 homo
544 3887 616 3962 line
632 3885 779 3960 bomine
790 3889 891 3961 nullo
907 3878 1152 3984 modo-potest
1165 3882 1220 3956 vi·

164 4004 268 4061 vere.
307 3986 481 4063 Retentlo
499 4002 617 4064 autem
633 3985 817 4162 {deletam
833 3984 884 4066 est
901 3979 1222 4160 communitashlll

670 4087 744 4180 b4
887 4091 890 4096 '
1121 4102 1144 4158 c

1217 4247 1239 4282 ὁ
