2825 4709
198 453 250 472 ..
336 363 1087 498 errrvlsonymBm„
1153 307 1249 476 433¹.

478 581 745 721 caru-r
793 643 930 722 x1V..
1197 599 1199 606 ’

292 768 345 841 De
364 763 489 838 Mundi
516 761 718 882 stuporibus
736 772 852 882 primis
876 794 912 839 ac
929 766 1128 884 postrema
1176 766 1180 776 ·
1219 855 1222 861 Ι
1321 761 1325 778 ,

168 928 404 1104 Quoniam
422 927 466 1001 de
482 923 750 1002 immortalitate
770 926 920 1002 diximus
940 930 1087 1015 animae,
1116 930 1225 1022 sequi
1289 982 1301 988 -

223 1103 239 1112 ,,
283 1042 344 1100 tur
355 1044 396 1101 ut
408 1028 600 1101 doceamus
617 1044 790 1119 quatenus
804 1028 941 1101 homini
955 1027 989 1101 δι
1005 1031 1149 1122 quando
1164 1035 1225 1108 tri,-

167 1129 318 1219 buatur,
346 1145 386 1203 ut
408 1128 443 1199 in
466 1130 538 1200 hoe
557 1148 702 1220 quoque
723 1129 908 1223 pravitatis
922 1149 965 1212 ae
979 1128 1137 1204 -stuititiae
1155 1131 1223 1221 snae

167 1227 381 1324 perspiciant
405 1248 568 1319 errores,
595 1228 654 1319 qui
677 1230 848 1302 mortales
871 1231 1222 1318 quosdanutecretis

167 1330 379 1423 placitisque
391 1328 595 1402 mortalium
608 1325 791 1401 Deoreise
805 1324 918 1400 fanos
930 1330 1144 1423 opinantur,
1163 1335 1224 1406 vel

168 1428 267 1520 quod
288 1443 380 1500 artes
401 1428 640 1517 invenerant,
666 1429 729 1500 vel
751 1430 850 1517 quod
873 1424 971 1502 usum
995 1434 1223 1519 quarumdam

167 1526 309 1623 frugum
322 1528 534 1619 docuerant,
548 1527 609 1598 vel
622 1526 722 1618 quod
733 1528 833 1599 utilia
847 1529 931 1598 vitae
944 1529 1127 1603 hominurn
1143 1554 1225 1623 pro.
1289 1563 1297 1570 -

168 1627 359 1719 uiderant,
395 1628 456 1700 vel
480 1625 578 1718 quod
595 1627 774 1699 immanes
799 1625 925 1699 bestias
955 1629 1222 1716 interemerant.

169 1728 261 1825 Quae
276 1730 518 1819 merita'quarn
532 1727 695 1829 lpngeab
708 1726 977 1813 immortalitate
988 1724 1127 1802 semota
1141 1732 1222 1826 unt,

169 1826 406 1902 &docuimus
423 1828 458 1898 in
479 1828 657 1919 prioribus
672 1827 792 1917 libris,
821 1828 856 1899 u
875 1848 971 1900 nunc
991 1827 1223 1922 docebimus,-

130 1943 136 1960 ·
167 1940 211 1999 ut
229 1942 396 2020 appareat
420 1926 529 2000 solam
552 1922 825 2017 esse-justitiam,
861 1947 939 2019 quae
958 1928 1068 2002 vitam
1084 1930 1222 2006 homini

168 2030 283 2119 pariat
304 2043 498 2115 eternum,
530 2023 694 2103 &solum
717 2026 859 2115 Deum,
893 2029 951 2117 qui
975 2043 1114 2102 aeternae
1136 2032 1223 2114 vita·

168 2125 351 2219 premium
364 2127 541 2220 largiatur.
561 2121 612 2196 Ν
614 2145 668 2197 aur
684 2125 754 2216 illi,
770 2126 831 2215 qui
846 2124 913 2197 suis
928 2128 1063 2202 meritis
1079 2131 1223 2203 immor,

168 2226 259 2297 tales
273 2222 354 2296 faor
367 2223 437 2297 effe
451 2225 639 2314 dicuntur,
666 2223 829 2315 quianec
840 2223 993 2314 justitia,
1018 2231 1243 2305 necullain·

169 2324 334 2399 hisvero
359 2325 472 2396 virtus
492 2323 586 2415 fuit,
619 2343 698 2396 non
719 2325 1021 2397 immortalitatem
1046 2327 1130 2421 irbi,
1164 2328 1224 2410 sed
1272 2323 1277 2328 ’

169 2524 257 2600 leste
270 2526 470 2617 namium,
487 2521 550 2596 sed
565 2520 704 2595 inferna
718 2519 887 2614 supplicia
899 2535 1135 2607 meruerunt,
1145 2548 1223 2619 quae

169 2625 330 2719 pendent
352 2623 451 2695 simul
473 2641 552 2694 curn
577 2622 619 2693 iir
643 2622 834 2713 omnibus,
861 2624 920 2713 qui
936 2644 1001 2696 eos
1017 2627 1221 2714 coluerunt.

171 2723 282 2813 Cujus
303 2722 424 2814 judicii
447 2722 852 2814 propinquaretempus
879 2720 1060 2797 ostendam
1075 2777 1095 2817 ,.
1123 2741 1164 2797 ut
1188 2728 1229 2799 dr·

167 2824 269 2917 justis
289 2842 425 2896 merces
447 2820 757 2917 dignasorvatur,
780 2820 940 2914 &poena
962 2826 1089 2898 merita
1108 2826 1241 2919 impiis*

169 2924 246 2996 irro
272 2934 362 2994 etur.
569 2972 595 2980 .-
701 2949 726 2972 -·
800 2966 804 2978 .
1057 2990 1072 3001 ,,
1125 2969 1128 2974 -

169 3066 179 3090 -r
243 2943 351 3093 Ig'lato.
372 3017 405 3091 u
423 3018 526 3093 multi
548 3018 606 3092 alii
624 3016 946 3113 philosophorum,
982 3042 1064 3096 cum
1083 3024 1225 3119 ignora-

169 3136 253 3194 rent
267 3119 440 3214 originem
454 3138 592 3219 torum,
609 3116 883 3213 supremumque
894 3119 980 3193 illud
994 3138 1133 3214 tempus
1148 3145 1223 3213 quo

171 3220 323 3296 mundus
339 3218 425 3292 effer
439 3217 608 3310 effetus,
628 3219 741 3291 multa
753 3218 860 3291 miliia
874 3218 1073 3295 seculorum
1086 3220 1223 3300 fluxisse

172 3321 341 3394 dixerunt
356 3371 376 3410 ‚.
403 3339 448 3390 ex
469 3339 541 3408 quo
560 3318 618 3391 hic
641 3318 897 3410 pulcherrimus
916 3321 1037 3393 mundi
1061 3320 1224 3395 extiterit

167 3434 343 3505 -ornatus3
377 3416 486 3504 secuti
508 3415 889 3508 fortaffe·Clraidaeos,
921 3418 980 3509 qui
1006 3416 1069 3514 (ut
1091 3418 1222 3502 Cicero

172 3517 318 3592 tradidit
332 3518 473 3592 inlibro
494 3517 538 3590 de
555 3516 791 3589 Divinatione
808 3516 947 3615 primo)
969 3520 1224 3615 quadringenta

169 3617 392 3712 septuaginta
409 3618 518 3690 millia
534 3635 707 3689 annorum
724 3616 954 3691 monimentis
968 3619 1224 3711 comprehensa

172 3716 209 3793 se
223 3719 355 3792 habere
372 3717 537 3789 delirant:
561 3718 685 3809 inquo
703 3714 784 3806 quia
797 3711 831 3788 se
843 3712 943 3808 poffe
957 3720 1054 3814 argui
1070 3739 1145 3792 non
1161 3740 1224 3811 pu·

173 3821 321 3910 tabant,
346 3817 497 3892 liberum
514 3816 576 3889 srbi
601 3816 829 3888 crediderunt
850 3808 920 3888 effe
935 3818 1089 3893 mentiri.
1140 3817 1224 3892 Nos
1278 3905 1285 3922 Ι

168 3933 324 4005 autern,
360 3937 452 4008 quos
477 3915 606 3988 divina
629 3915 759 3988 litterae
784 3913 827 3986 ad
856 3912 1036 3992 scientiam
1060 3919 1225 4006 veritatis

170 4016 361 4112 erudiunt,
388 4014 603 4113 principium
626 4009 949 4191 nruffifinemque
969 4018 1225 4183 cognovingun,

582 4119 590 4136 ,
792 4133 814 4188 2
970 4165 973 4170 .
1167 4136 1197 4179 ξ
