2825 4709
1131 256 1137 266 “
1249 261 1252 267 “
1297 263 1316 306 l

276 367 1008 465 u·-:·.0t1rru.v;zna:Juarmu.
1146 384 1245 466 351,

167 535 374 643 Qui-ergo
391 535 503 610 notu
515 529 733 614 irascuntur,
757 530 848 605 urm
862 530 949 604 ntur
966 507 1226 623 potientium

168 640 269 734 quod
287 637 347 730 ipsi
368 634 563 709 Deossuos
580 629 783 722 destruunt,
802 631 848 704 de
870 649 1023 723 quorum
1045 621 1229 726 potestate
1281 633 1284 658 '

168 739 354 826 diffidunt,
377 734 487 830 magis
502 730 698 830 irreligiosr,
710 743 814 822 quam
827 730 1056 832 quiumrrino
1071 751 1147 803 non
1160 739 1228 807 σοι

166 841 260 916 lunt.
307 833 440 908 Cicero
461 834 497 905 in
514 831 582 904 suis
601 830 764 927 legibus,
792 851 872 902 cum
889 827 982 902 caste
996 830 1040 902 ad
1058 826 1230 914 sacrificia

164 938 379 1035 preciperet
393 932 581 1006 accedere:
607 981 635 1021 ‚,
649 929 840 1023 Pietatem,
860 930 989 1022 inquit,
1008 930 1228 1025 adhibento;

167 1051 297 1133 „opes
314 1046 534 1109 amovento:
560 1033 618 1121 qui
631 1025 738 1102 secus
758 1028 863 1121 facit,
886 1034 985 1103 Deus
1001 1027 1229 1123 ipsevindex

168 1137 324 1233 „erit.„
374 1129 486 1204 Recte
499 1132 573 1203 hoc
587 1128 739 1221 quidem.
778 1129 908 1222 Neque
924 1132 1015 1203 enim
1031 1129 1083 1205 fas
1101 1130 1152 1204 est
1168 1134 1235 1209 de·
1258 1139 1260 1144 '
1294 1136 1296 1141 ’

170 1236 312 1329 sperare
326 1233 371 1306 de
390 1232 502 1311 Deo,
521 1249 625 1320 quern
641 1228 726 1301 ideo
743 1230 856 1318 colas,
876 1231 1151 1323 quiaputcntem
1163 1255 1230 1330 pu.

170 1352 240 1410 tes.
265 1332 358 1406 Nam
369 1329 558 1422 quomodo
574 1328 758 1400 vindicare
772 1328 932 1419 injuriam
948 1331 1102 1403 colentis
1119 1329 1231 1428 sepo·

169 1434 258 1515 test,
273 1432 297 1505 sr
310 1428 404 1504 suam
418 1450 495 1502 uon
508 1425 654 1521 potest?
679 1424 788 1499 Libet
803 1429 910 1523 igitur
926 1449 970 1501 ex
987 1430 1040 1503 his
1054 1449 1229 1527 quaerere,
1298 1457 1302 1472 Δ

170 1535 227 1608 cui
244 1528 455 1625 potiiiimum
472 1526 636 1622 prestare
652 1525 687 1599 se
702 1541 845 1619 putent,
862 1528 1029 1623 cogendo
1040 1531 1232 1608 invitusad

170 1628 390 1707 sacrificium.
422 1628 677 1723 uisne-quos
694 1624 858 1721 cogunt?
885 1643 920 1698 at
937 1649 1012 1700 non
1029 1625 1080 1701 est
1095 1629 1232 1706 benefi·
1299 1677 1302 1682 -

173 1734 286 1821 cium,
312 1727 411 1821 quod
426 1729 598 1823 ingeritur
614 1723 801 1800 recusanti.
824 1724 897 1799 Sed
915 1724 1168 1803 consulendum
1179 1730 1234 1807 est
1257 1725 1261 1732 “

170 1836 278 1907 etiam
294 1830 521 1918 nolentibus,
547 1823 714 1917 quando,
729 1824 813 1915 quid
828 1826 869 1897 srt
885 1827 1042 1917 bonurn,
1055 1827 1231 1909 nesciunt.

173 1931 248 2005 Cur
265 1941 441 2025 ergoftam
456 1926 649 1999 crudeliter
661 1937 819 2014 vexant,
835 1927 1010 2018 cruciant,
1028 1927 1233 2028 debilitant,

171 2030 334 2108 fi-salvos
352 2022 507 2097 volunt?
541 2036 602 2094 aut
616 2022 712 2094 unde
729 2027 843 2115 pietas
855 2039 926 2098 tam
945 2027 1072 2120 impia,
1097 2023 1150 2102 'ut'
1165 2049 1233 2109 cot

172 2126 307 2205 miseris
324 2125 440 2197 modis
461 2135 523 2194 aut
539 2120 711 2213 perdant,
738 2133 799 2194 aut
816 2126 960 2213 irrutiles
979 2125 1129 2216 faciant,
1156 2132 1236 2223 qui.

172 2230 241 2301 bu
258 2226 373 2297 velint
389 2219 458 2295 erse
473 2217 701 2294 consultum?
730 2221 789 2293 An
814 2244 908 2296 vero
934 2224 1013 2295 Diis
1039 2227 1235 2320 prestanti

172 2342 212 2401 at
228 2346 303 2398 norr
324 2319 375 2397 est
388 2317 616 2412 sacrificium,
640 2318 743 2411 'quod
758 2324 968 2415 exprimitur
984 2324 1114 2404 invito.
1154 2325 1235 2403 Nisa

172 2426 268 2501 enim
284 2423 412 2517 sponte
427 2435 534 2513 atque
552 2437 597 2492 ex
617 2422 736 2492 animo
753 2415 836 2514 fiat,
851 2423 1036 2494 execratio
1052 2423 1123 2512 est3
1151 2419 1235 2502 dum

172 2527 338 2601 homines
354 2521 640 2618 proscriptione,
664 2518 821 2611 injuriis,
849 2534 1013 2611 carcerc,
1041 2527 1234 2600 tormentis
1324 2577 1331 2606 ι

175 2622 287 2699 ndacii
306 2622 453 2696 faciunt.
479 2619 515 2691 Si
532 2618 591 2689 Dii
609 2613 690 2689 sunt
706 2616 783 2709 isti,
811 2622 868 2709 qui
887 2623 935 2692 irc
952 2622 1143 2714 coluntur,
1169 2625 1235 2702 vei

175 2737 328 2819 prepter
350 2723 422 2794 hoc
441 2715 556 2791 solum
579 2716 722 2789 colendi
745 2736 820 2790 non
846 2716 951 2801 sunm·
978 2721 1076 2808 quod
1094 2722 1142 2796 irc
1160 2717 1235 2799 coli

175 2825 332 2908 volunt3
359 2818 454 2915 digni
471 2814 605 2890 scilicet
619 2813 858 2904 detestatione
872 2813 1078 2908 hominum,
1104 2824 1234 2915 quibus

177 2943 259 2994 currr
284 2918 471 3011 iacrymis,
498 2937 578 2989 cum
604 2918 760 3011 gemitu,
774 2936 867 2991 -cum
882 2916 1050 3017 sauguine·
1065 2922 1110 2996 de
1126 2917 1238 3000 mem·

176 3021 250 3094 bris
266 3021 431 3092 omnibus
448 3015 585 3091 fluente
599 3016 741 3088 libatur.
1232 3021 1235 3026 ’

254 3115 388 3192 Arnus
408 3129 536 3189 contra
549 3136 627 3189 -non
643 3113 858 3207 expetimus,
872 3131 913 3186 ut
925 3114 1043 3190 Deum
1059 3115 1235 3218 nostrum,
1307 3205 1310 3210 ,

178 3219 239 3312 qui
259 3216 310 3290 est
331 3218 512 3305 omnium,
536 3215 653 3305 uelit,
675 3214 789 3306 nolit,
817 3216 1053 3308 coiatflaiiquis
1073 3219 1237 3312 invitus;
1273 3257 1280 3282 ι

177 3339 269 3409 nec,
282 3317 307 3389 ir
322 3336 397 3390 nun
415 3316 590 3404 coluerit,
611 3309 801 3387 irascimur.
829 3310 1152 3391 Confidimusenim
1165 3341 1238 3394 ma·

174 3416 293 3511 iestati
310 3416 410 3508 ejus,
438 3422 497 3506 qui
523 3428 594 3487 tam
622 3413 944 3505 contemptumsui
970 3415 1074 3509 poffit
1098 3416 1236 3514 ulcisci,

158 3560 159 3564 =
179 3538 284 3609 quam
300 3516 406 3589 etiam
424 3514 612 3588 servorum
627 3510 770 3586 suorum
785 3513 973 3587 labores&
995 3514 1149 3606 injurias.
1188 3515 1238 3592 Et

175 3616 264 3689 ideo
281 3626 366 3689 cum¹
378 3628 450 3688 tam
467 3605 621 3687 nefan'da
637 3612 875 3704 perpetimur,
899 3619 1077 3688 neverbo
1094 3618 1237 3706 quidem

179 3712 413 3802 reluctamum
440 3711 499 3786 sed
516 3710 600 3785 Deo
615 3713 826 3784 remittimus
841 3714 1034 3788 ultionem:
1058 3735 1134 3787 norr
1151 3732 1194 3788 ut
1210 3716 1240 3792 ir

178 3813 355 3906 faciunt‚‚-
366 3814 426 3907 qui
450 3809 654 3914 defensures
675 3810 837 3884 Deorum
862 3808 1004 3886 suorum
1031 3814 1146 3887 videri
1167 3835 1239 3888 vo·

176 3913 277 4005 lunt,
304 3912 501 3987 &seviunt
517 3908 664 3984 efferate
681 3908 847 3983 adversus
864 3932 941 3985 noa
954 3916 1129 3996 coieutes.
1178 3915 1239 3992 Ex

179 4032 255 4105 quc
269 4013 422 4134 intelligi
434 4014 667 4105 datuuqurnr
679 4025 758 4088 non
771 4011 815 4087 iit
824 4015 963 4120 bouum
974 4011 1078 4092 Deos
1089 4016 1237 4108 culuree

1094 4135 1185 4209 quu-
1309 4158 1311 4162 ·

675 4320 679 4328 ,
758 4227 777 4324 ..⁷
