2825 4709
135 408 161 422 ,x
249 257 301 448 s:
341 333 501 418 Lura
523 301 1083 422 VII.·urV1raBrsrlt.
1165 299 1237 438 {85

181 511 265 577 ortu
287 498 369 596 solis
381 502 592 595 ¹occasuque
611 489 756 604 finitur‘,
790 504 861 579 diei
876 506 992 601 magni
1009 501 1162 598 speciem
1177 525 1237 602 gc·
1294 579 1297 584 ,

179 622 286 692 rere,
313 621 418 694 quem
435 602 604 678 circuitus
622 623 799 680 annorum
812 603 909 679 mille
927 604 1149 681 determinat
1313 619 1318 623 ·

255 698 394 776 Eodem
411 701 523 777 modo
539 704 647 780 etiam
663 700 833 804 figuratio
847 705 980 777 terreni
997 703 1154 786 hominis
1167 723 1237 776 cm·

124 865 126 875 n
178 797 275 874 lestis
295 800 421 894 populi
436 800 649 896 praeserebat
661 803 700 878 in
716 802 897 898 posterum
913 801 1107 877 fictionem.
1138 801 1178 876 N
1180 824 1236 880 am

124 905 127 995 j
177 899 269 976 ficut
286 897 452 991 nerfestis
468 903 657 997 omnibus,
684 924 761 996 quar
779 902 816 977 in
838 899 936 977 usum
960 902 1113 976 hominis
1131 903 1235 977 moli·

124 1001 126 1089 ζ
177 1011 237 1071 tus
260 997 311 1072 est
324 998 452 1095 Deus,
477 999 588 1095 ipsum
607 1003 789 1078 hominem
804 999 906 1077 sexto
928 1001 985 1076 die
1002 1003 1166 1075 ultimum
1182 1000 1236 1075 fe-

124 1108 126 1113 ’
177 1097 250 1198 cit,
269 1097 430 1200 ¹¹eumque
451 1100 593 1174 induxit
610 1102 647 1179 in
664 1103 762 1178 huuc
783 1102 976 1194 mundum,
1010 1114 1177 1192 tanquam
1197 1103 1235 1178 in

178 1197 328 1282 domum'¹
336 1197 409 1291 jam
425 1197 614 1297 diligenter
628 1199 847 1277 instrustam:
873 1203 922 1275 ita
941 1221 1038 1275 nunc
1055 1198 1157 1273 sexto
1175 1199 1234 1275 dic

175 1317 307 1394 magno
327 1318 436 1384 verus
453 1300 568 1382 homo
593 1304 711 1377 verbo
729 1300 800 1375 Dei
816 1298 982 1399 fingitur3
1008 1298 1133 1391 idest,
1159 1296 1234 1373 san·
1305 1351 1310 1366 ,

133 1399 135 1403 ’
176 1394 252 1470 blus
272 1395 427 1492 populus
453 1398 613 1484 dobbtiua
636 1402 878 1496 &preceptis
900 1399 971 1472 Dei
997 1399 1042 1471 ad
1062 1398 1232 1491 justitiam

176 1491 361 1593 figuratur.
389 1493 462 1578 ‚Et
480 1497 570 1574 licut
581 1499 865 1596 tuucmortalis,
880 1512 989 1591 atque
1002 1494 1229 1591 imperfectus

175 1614 199 1670 e
216 1610 312 1670 terra
328 1593 430 1702 filius
444 1595 516 1692 est,
546 1612 589 1672 ut
602 1601 700 1674 mille
717 1601 816 1674 annis
832 1599 869 1672 in
886 1597 960 1672 hoc
977 1600 1111 1670 mundo
1126 1597 1231 1670 vive·

173 1707 256 1767 retr
281 1696 331 1770 ita
347 1718 444 1774 nunc
461 1720 506 1772 ea
521 1698 595 1771 hoc
612 1699 767 1774 terrestri
783 1698 902 1773 seculo
918 1694 1096 1791 perfectus
1114 1695 1231 1770 homo.

174 1790 345 1892 fingitur3
370 1791 412 1870 u't
430 1794 634 1874 vivificatus
648 1821 668 1873 a
681 1798 787 1891 Deo,
812 1800 848 1872 in
863 1796 1081 1872 boceodem
1093 1795 1230 1869 mundo

172 1913 240 1987 per
266 1915 378 1970 annos
401 1896 499 1971 mille
518 1897 734 1976 dominetur.
781 1897 987 1998 ¹Quomodo
1005 1908 1131 1986 autem·
1142 1909 1232 1970 coni

172 1991 369 2076 summatioi
381 1991 503 2069 sutura
519 1989 581 2089 sit,
597 1997 648 2086 ¹&
668 1997 779 2089 qualis
802 1997 919 2071 exitus
938 1995 1099 2069 humanis
1121 1995 1230 2069 rebus

172 2092 402 2185 impendeat,
435 2093 461 2167 fi
483 2096 560 2185 quis
580 2095 720 2169 divinas
745 2099 881 2170 litteras
905 2094 1015 2168 suerit
1039 2092 1230 2186 scrutatus,

171 2187 349 2268 inveniet.
398 2190 469 2270 Sed
488 2191 744 2270 &secularium
759 2196 1016 2289 prophetarum
1030 2212 1231 2288 congruen-
1268 2257 1278 2275 ,

169 2301 229 2363 tes
253 2291 333 2367 culn
352 2289 550 2367 coelestibus
574 2315 707 2385 voces,
739 2290 848 2368 finem
868 2313 986 2367 terum
1008 2291 1043 2365 da
1063 2290 1230 2368 occasum

170 2388 255 2485 post
268 2389 380 2465 breve
395 2405 536 2486 tempus
554 2395 788 2486 annuntiant,
815 2391 1053 2467 describentes
1070 2390 1162 2483 quali
1179 2389 1229 2464 fa·

171 2489 275 2585 tigati
294 2491 327 2563 da
346 2490 542 2564 delabentis
561 2494 858 2570 mundi'ultimam
875 2488 1100 2565 senedutem.
1135 2485 1229 2585 Qua

131 2661 141 2678 ,
172 2610 269 2662 vero
286 2590 505 2685 aprophetis
519 2592 708 2668 &vatibus
723 2592 844 2667 sutura
857 2589 1115 2681 effedicantur‚
1130 2590 1227 2681 prius

173 2708 278 2780 quam
294 2686 522 2792 superveniat
535 2707 695 2769 extrema
709 2693 771 2768 illa
784 2691 990 2788 conclude,
1015 2684 1166 2763 tolletia
1181 2706 1229 2762 ex
1321 2769 1325 2790 Ι

143 2798 146 2808 ·
172 2788 341 2864 omnibus
358 2788 392 2864 dt
409 2788 625 2881 coacervata
640 2789 852 2869 subnedlam.

172 2961 1226 3025 *W*

305 3167 311 3186 ,
495 3110 527 3186 c
551 3110 588 3185 A
612 3112 639 3188 r
664 3110 703 3187 u
727 3058 781 3186 r
814 3112 904 3188 uu.

253 3234 305 3305 Dc
319 3234 447 3308 Mundi
460 3233 651 3348 'Vallatum
667 3233 706 3311 0
723 3237 912 3307 Musarum
929 3234 1140 3329 imperiorum.

167 3463 170 3470 .
187 3377 190 3384 ¹
234 3391 317 3468 stin
329 3396 467 3484 arcanis
483 3389 676 3474 sant'tatum
687 3395 907 3482 litterarum,
923 3387 1170 3465 transcendisse
1186 3386 1225 3464 iu

258 3492 459 3589 AEgyptum
480 3507 635 3590 cogente
652 3493 777 3586 inopia
798 3492 850 3563 rei
869 3490 1106 3565 frumentariae
1128 3490 1225 3584 p'rin·

163 3593 287 3685 cipem
310 3594 544 3684 Hebraeorum
569 3590 771 3666 cumomni
795 3591 907 3663 domo
931 3591 968 3687 dc
991 3592 1224 3688 cognatione,

165 3687 281 3807 §ujus
302 3690 440 3785 posteri.
455 3712 535 3768 cum
556 3692 686 3808 diutius
712 3691 750 3764 in
765 3687 929 3786 AEgypto
944 3685 1225 3805 ‘commutantes'

165 3787 1223 3987 ‚itllsslillilitlgl{lillisbllilililili:

165 4001 249 4084 ¹tum
262 3990 363 4080 ,Deus
386 3985 567 4098 insanabili
582 3993 686 4092 plaga
696 3988 778 4168 ,Ηόἷῖ
790 3989 964 4083 populum
982 3986 1080 4065 suum
1098 3988 1224 4155 librem-¹

805 4106 827 4185 3
920 4121 928 4164 '-
1101 4107 1152 4165 Ὃ
1167 4135 1190 4177 a
