2825 4709
455 393 463 406 ³
573 385 775 415 -

574 423 775 435 ---
868 459 871 464 ,
1119 405 1198 463 xxv

388 548 731 628 summania
757 523 961 658 'caram

290 691 359 767 ru
384 688 1055 770 scarananncnnurm

211 893 386 968 uthorem
402 914 491 968 vere
510 869 782 988 philosophum,
807 892 1060 988 eloquentem,
1077 894 1114 968 ἀ
1129 893 1201 970 ele·

237 1023 384 1109 gantem
409 1013 537 1105 scripta
561 1011 734 1086 troanni
758 1011 942 1105 produnt,
965 1016 1201 1106 omniumque

137 1125 376 1211 eruditorum
394 1131 583 1216 consensus
609 1135 753 1227 probat.
801 1131 894 1205 Stilo
920 1154 1025 1223 quam
1049 1137 1203 1211 maxime

137 1255 427 1330 commendatur.
474 1252 661 1346 Nusquam
686 1253 763 1345 eius
789 1267 930 1348 turget,
955 1273 1038 1327 raro
1059 1254 1202 1352 assurgit

141 1380 287 1467 oratio,
301 1374 359 1448 sed
376 1394 456 1448 cum
472 1374 621 1449 lenitate
636 1372 785 1465 quadam
802 1373 1022 1465 aequabiliter
1035 1375 1200 1470 profluit,

96 1565 98 1584 ἦ
140 1512 351 1572 nontamen
366 1490 783 1567 finenewis&viribus:
806 1492 1201 1588 tamestacouratntam

143 1616 267 1708 fortis,
281 1627 325 1686 ut
338 1614 434 1685 nulla
447 1612 490 1686 fit
500 1612 619 1704 aptior
638 1610 680 1684 ad
688 1608 979 1704 persuadendum,
1000 1610 1200 1706 sedfineJ‘u·

96 1225 99 1288 Ι

144 1716 1047 1825 dicialiasperitate,&finesententiarumfurenirum
1056 1733 1199 1810 acoleia.

143 1852 240 1928 Puro
257 1852 374 1925 studet
391 1837 798 1944 eloquiosperspicuo,
823 1865 930 1944 atque
950 1852 1126 1948 eleganti,
1151 1852 1202 1928 se·

146 1976 336 2067 quiturque
351 1972 444 2045 hanc
458 1969 645 2044 Ciceronis
660 1970 765 2063 ipsius
778 1993 960 2048 normam:
987 1978 1202 2069 ‚operatiorem

151 2093 405 2188 Philosophorum
420 2094 575 2162 rationem
588 2088 661 2183 effe,
680 2094 850 2164 Oratorum
861 2109 937 2163 vero
945 2097 1202 2187 pugnatorem„

95 2213 100 2308 ί
146 2213 187 2288 In
202 2233 339 2285 vocum
353 2205 580 2304 dispositione
594 2223 729 2285 tantam
744 2211 893 2285 seitatur
906 2209 1137 2304 suavitatem,
1160 2227 1204 2287 ut

95 2321 98 2430 i
150 2335 241 2427 apud
258 2352 493 2424 quoscunque
509 2332 613 2404 etiam
631 2331 780 2423 eloquio
794 2346 986 2427 potentes,
1006 2331 1206 2404 -utinte-

96 2455 97 2474 ¹
146 2454 209 2526 n'm
227 2473 353 2543 unum,
372 2452 639 2545 inexemplum,
657 2452 765 2526 citem
781 2452 1048 2543 Hieronymum
1069 2491 1123 2508 --
1146 2449 1205 2524 Ci-

148 2593 234 2646 cero
249 2570 464 2644 Christianus
482 2569 603 2642 audire
616 2586 808 2646 mereatur.
858 2568 937 2642 Imo
950 2566 1125 2652 Laitmtii
1138 2589 1206 2644 no·

147 2713 228 2766 men
245 2691 379 2762 volunt
394 2710 475 2762 eum
496 2710 517 2761 a
532 2686 651 2761 laneo·
673 2687 723 2762 sui
740 2687 911 2763 sermonis
936 2688 1084 2782 eloquio
1101 2711 1203 2764 acce·

114 2833 125 2884 t
148 2809 245 2905 piffe.
270 2808 415 2882 interim
430 2808 539 2880 habet
553 2809 664 2880 verba
678 2806 835 2898 quaedam
850 2810 1205 2905 peregrinaquaevel
1276 2866 1285 2876 ,

148 2925 230 3001 sunt
251 2927 322 3018 sui,
348 2948 420 3017 quo
436 2927 529 2998 vixit
547 2925 683 3021 seculi,
711 2928 771 2999 vel
786 2925 965 3001 Africanae
981 2943 1085 3002 teraae
1098 2929 1205 3002 redo·

147 3050 224 3123 lent
235 3046 360 3122 solum.
410 3043 533 3118 Grave
549 3048 654 3119 etiam
671 3046 756 3118 huic
767 3042 926 3119 Authori
940 3047 1097 3122 reddunt
1110 3048 1210 3122 testi-.

146 3166 308 3243 monium
324 3178 384 3238 tot
397 3167 622 3240 recensiones
636 3185 788 3258 operum
805 3166 901 3257 eius,
927 3166 1026 3256 quod
1034 3168 1204 3261 paueialii

148 3285 343 3378 scriptores
367 3296 544 3377 poterunt
569 3280 767 3366 ostentare:
793 3282 855 3357 has
880 3286 1047 3379 proxime
1063 3307 1208 3362 enume-

147 3408 250 3479 rabo.

195 3569 199 3580 ·
224 3541 452 3615 orthodoxiam
469 3555 590 3620 tamen
604 3540 779 3618 Laetantii
794 3544 893 3636 quod
910 3545 1054 3639 attinet,
1079 3544 1115 3617 id
1130 3565 1206 3617 cer·

148 3677 225 3739 turn
247 3661 319 3755 est,
346 3682 423 3734 non
439 3661 507 3735 eise
525 3665 674 3737 omnino
689 3684 813 3759 puram
828 3662 1047 3756 castamque,
1071 3676 1114 3733 ut
1136 3662 1207 3758 legi

149 3779 329 3857 inoffenso
348 3782 392 3852 ab
408 3784 573 3856 omnibus
589 3784 681 3876 pedo
695 3784 824 3878 poffint
838 3783 959 3857 omnia
974 3783 1051 3872 ejua
1066 3779 1206 3874 scripta.

149 3903 255 3976 Ultra
269 3911 407 3992 aequum
423 3902 576 3978 verode
591 3904 664 3976 hoc
682 3900 858 4006 scriptore
873 3900 976 3975 senfit
990 3898 1207 3975 maleAnto·

152 4022 228 4096 nius
246 4019 440 4097 Raudenfis
462 4042 508 4097 ex
527 4018 664 4093 Ordine
682 4021 870 4098 Minorurn
884 4020 1003 4096 saculi
1017 4039 1070 4094 xv
1082 4012 1210 4092 Theo·

471 4141 473 4146 ·
627 4121 700 4212 b5
1041 4122 1178 4226 iogus,
1231 4171 1274 4248 ΙΙ
