2825 4709
168 415 175 423 ·
199 369 724 462 moriturorum
748 391 900 466 praru.
923 369 1170 449 larrrrur.

197 536 378 638 „Deinde
395 536 503 629 paulo
521 533 622 630 post:
648 533 801 627 Omnia,
827 555 905 627 quae
921 534 1089 608 luxuriosi
1104 533 1256 631 faciunt,

197 636 575 735 „quequeimperith
602 634 759 708 faciet&
774 632 930 728 sapiens,
956 631 1015 708 sed
1038 636 1257 712 noneodem
1300 686 1305 690 -

197 737 372 835 „modo,·
399 736 599 826 eodemque
608 735 810 828 proposito.
861 731 974 825 Atqui
990 735 1077 807 nihil
1095 733 1253 828 interest,

198 859 311 934 „quo
331 838 449 907 animo
465 832 594 926 facias,
620 834 719 924 quod
745 829 866 907 seciss'e
886 832 1057 912 vitiosum
1081 831 1148 908 est:
1174 836 1257 927 quia

196 935 326 1033 „latia
340 947 553 1022 cernuntur,
579 934 804 1007 animus'non
821 934 1025 1026 videtum„
1285 963 1288 982 ε

270 1031 454 1127 Aristippo
465 1032 919 1129 Cyrenaicorummagistro
928 1054 1007 1105 cum
1019 1032 1127 1107 Laide
1137 1032 1252 1105 nobili

195 1131 322 1208 scorto
338 1133 407 1205 suit
423 1129 661 1218 consuetudo,
672 1135 770 1223 quod
783 1130 953 1229 flagitium
968 1135 1087 1227 gravis
1106 1134 1165 1203 ille
1181 1132 1257 1222 phi·

196 1233 372 1324 losophiae
392 1230 521 1304 doctor
536 1230 584 1304 sic
599 1230 835 1323 defendebat,
860 1244 903 1303 ut
920 1231 1079 1322 diceret,
1105 1234 1258 1305 multum

196 1333 294 1405 inter
307 1328 342 1403 fe
357 1332 557 1404 &caeteros
572 1330 691 1405 Laidis
708 1346 885 1404 amatores
900 1328 1176 1422 interesse,qu0d
1186 1328 1260 1422 ipse
1275 1389 1278 1394 .

183 1430 348 1530 haberet
356 1427 581 1518 Laidem,alii
600 1451 727 1524 veroa
739 1430 849 1504 Laide
865 1431 1092 1505 haberentur.
1121 1426 1261 1522 Oprae·

196 1532 294 1603 clara
309 1529 345 1601 dc
362 1529 530 1601 imitanda
548 1530 653 1602 bonis
672 1530 859 1620 sapientie!
902 1530 997 1603 Huic
1014 1550 1105 1601 vero
1122 1530 1259 1603 liberos
1275 1605 1278 1610 A

101 1717 104 1724 ¹
196 1630 236 1704 ita
252 1626 468 1722 disciplinam
482 1628 649 1718 dares,ut
663 1624 848 1702 discerent
860 1631 991 1701 habere
1004 1627 1259 1702 meretricem?

131 1751 139 1774 ⁸
197 1728 346 1820 Aliquid
365 1729 460 1800 inter
479 1723 513 1799 se
531 1748 572 1799 ac
590 1726 923 1822 perditosinterelse
935 1729 1096 1816 dicebata
1122 1727 1259 1802 seilicet

195 1828 298 1919 quod
314 1828 362 1899 illi
379 1828 477 1899 bona
493 1824 553 1899 sua
568 1828 782 1920 perderent,
807 1824 879 1919 ipse
889 1829 997 1923 gratis
1005 1828 1257 1901 luxuriaretur.

100 2003 102 2008 ⁴
195 1926 331 2017 lngquo
354 1928 459 2016 plane
481 1923 675 2024 sapientior
689 1929 860 2000 meretrix
880 1926 970 2021 suit,
998 1949 1074 2020 quae
1098 1925 1259 2019 philoso·
1291 1967 1297 1978 ·

144 2051 146 2056 ·
190 2027 307 2120 phun
331 2025 455 2123 habuit
479 2045 546 2116 pro
567 2027 726 2118 lenone,
751 2041 793 2098 ut
810 2026 854 2099 ad
875 2024 910 2099 se
929 2028 1046 2100 omnis
1059 2027 1258 2120 juventus,

191 2121 357 2198 'dodoris
372 2127 540 2216 exemplo
555 2127 589 2198 a
604 2126 801 2198 autoritate
816 2141 1002 2218 corrupta,
1019 2126 1178 2199 sine'ullo
1192 2146 1257 2217 pu·

140 2255 144 2266 ¹
199 2223 293 2297 dore¹
310 2223 555 2306 concurreret.
606 2225 707 2322 Quid
726 2244 814 2320 ergo
835 2225 1018 2316 interfuit,
1044 2247 1117 2316 quo
1137 2225 1258 2308 auimo

196 2322 433 2416 philosophus
453 2322 735 2400 admeretricem
754 2323 1004 2398 samosrffimam
1022 2336 1258 2417 commearet,

196 2439 280 2496 curn
302 2443 382 2496 eum
394 2422 551 2517 populus
570 2421 749 2495 &rivales
764 2421 991 2496 suividerent
1005 2425 1260 2516 omnibusper-

194 2522 279 2594 ditis
298 2520 533 2614 nequiorem?
560 2521 642 2594 Nec
657 2521 738 2595 satis
755 2523 824 2596 fuit
841 2523 891 2594 ita
906 2525 1051 2596 vivere:
1078 2524 1136 2595 sed
1150 2524 1269 2596 doces

194 2642 238 2694 re
251 2624 356 2693 etiam
371 2623 533 2693 libidines
551 2624 680 2715 coepit,
708 2644 750 2695 ac
767 2642 887 2697 mores
898 2622 979 2695 suos
991 2621 1036 2696 de
1046 2625 1204 2714 lupanari
1214 2621 1259 2695 ad

196 2718 357 2810 scholam
390 2719 596 2810 transtulit,
626 2719 797 2794 disserens
831 2723 1057 2813 voluptatem
1089 2724 1256 2812 corporis

112 2863 114 2869 ·
196 2816 269 2890 else
283 2815 453 2890 summum
468 2820 615 2891 bonurn.
642 2823 735 2914 Quae
752 2819 911 2892 doctrina
925 2822 1134 2893 execrabilis
1153 2820 1260 2911 &pu-

195 2916 314 3090 {lfinda
334 2936 410 2987 non
428 2917 465 2987 in
479 2916 591 2989 corde
605 2917 832 3011 philosophi,
847 2918 906 2992 sed
922 2922 958 2992 in
974 2921 1049 2992 sinu
1064 2920 1260 2994 meretricis

262 3030 356 3089 naid.

101 3161 103 3168 -
239 3174 244 3178 ,
267 3113 363 3188 Nam
378 3114 462 3205 quid
477 3134 549 3216 ego
563 3115 611 3188 de
625 3112 772 3208 Cynicis
788 3114 943 3207 loquar?
968 3118 1097 3209 quibus
1116 3117 1153 3189 in
1174 3137 1264 3209 pro-

195 3216 323 3307 patulo
339 3216 442 3287 coire
457 3236 541 3288 curn
557 3217 769 3312 conjugibus
787 3238 866 3290 mos
883 3215 962 3291 fuit.
1002 3217 1100 3312 Quid
1115 3218 1261 3312 mirum,

195 3314 258 3387 lia
276 3316 447 3405 canibus,
461 3335 615 3405 quorum
634 3318 744 3389 vitam
759 3318 962 3405 imitantur,
981 3317 1086 3388 etiam
1098 3318 1262 3387 vocabu·

194 3412 270 3485 lum
285 3433 492 3504 nomenque
502 3412 716 3487 traxerunt?
740 3412 889 3488 Nullum
905 3417 1013 3511 igitur
1025 3417 1062 3487 in
1080 3416 1146 3487 hac
1158 3415 1262 3487 disci·

194 3511 293 3603 plina
307 3511 539 3609 magisterium
558 3514 704 3586 virtutis
721 3512 792 3604 est,
817 3534 899 3587 curn
910 3519 1014 3587 etiam
1024 3515 1094 3604 illi,
1119 3519 1180 3603 qui
1193 3516 1264 3586 ho·

194 3608 351 3682 nestiora
372 3612 594 3703 precipiunt,
604 3627 666 3683 aut
680 3633 756 3692 non
770 3612 904 3686 saciant
917 3615 992 3706 ipsi,
1002 3634 1079 3705 quae
1095 3609 1279 3709 suadent,

194 3723 259 3788 aut
274 3709 299 3781 fi
314 3708 471 3799 faciunt,
497 3710 596 3799 quod
609 3729 692 3783 raro
708 3712 864 3803 accidit,
891 3732 968 3785 non
987 3712 1168 3805 disciplina
1191 3735 1261 3787 eos

195 3806 411 3898 edredum,
438 3805 496 3879 sed
510 3822 635 3881 natura
651 3809 839 3906 perducat,
854 3832 933 3906 quc
945 3811 1067 3908 saepiua
1082 3813 1190 3887 etiarn
1203 3814 1262 3887 in·

194 3902 324 3981 docos
339 3908 491 4003 impellit
506 3908 550 3981 ad
563 3908 715 3986 laudem.¹

152 4069 252 4229 ’Ψ
686 4214 688 4218 Ι
841 4152 850 4163 .
1121 4109 1208 4187 cn.
