2825 4709
199 375 269 454 33²
292 349 427 428 l'rair.
451 347 724 430 Laertam
746 351 893 432 nm'x
915 354 1164 438 herrm.

194 611 1173 714 mmalmm,fifienpoic,agwlmc
1195 626 1262 718 Ju-

195 715 288 792 stua
302 713 423 794 suapae
440 731 561 784 mera
578 709 729 792 foedet
746 735 929 804 qaamcam
944 717 1101 790 didam
1116 723 1259 816 babet,

195 815 295 912 quod
309 835 378 908 ego
395 811 799 890 &demum
813 815 1261 898 tefflnmnsmnfimara

194 915 344 1016 poilirr..
371 913 438 986 Sei
454 915 540 984 nzhll
558 910 697 986 ionaff.
718 915 812 1004 apud
825 915 910 988 nint
925 937 1081 1008 agam.
1104 921 1172 992 nu}
1189 944 1259 996 eor

194 1021 240 1094 de
263 1015 329 1090 ne
355 1015 544 1086 doceamu«
572 1011 792 1098 Autorbue,
817 1035 893 1088 non
912 1015 1012 1110 posse
1032 1039 1258 1110 qtaemqum

188 1111 418 1214 jullanneffe,
442 1111 540 1203 quod
556 1111 607 1184 el’r
620 1111 850 1202 conjmc‘mm
863 1136 946 1186 mm
961 1137 1045 1188 ren
1061 1115 1259 1214 sapientia,
1286 1153 1288 1188 ÷

189 1217 254 1292 nist
272 1215 362 1286 idem
378 1211 502 1284 ihiluar
518 1209 588 1284 elle
606 1213 781 1286 riantur.
794 1211 1008 1288 Carneaden
1020 1215 1258 1294 Ac-demiea
1286 1233 1288 1294 l

192 1315 292 1392 setta
306 1309 561 1406 philosophus,
576 1313 676 1402 otiu
691 1313 729 1382 in
740 1309 941 1386 differendo
954 1335 1032 1404 que
1048 1317 1106 1388 iia
1124 1316 1258 1413 suerit,

194 1415 500 1514 qozeloquentra,
510 1411 778 1498 quodammen.
785 1417 846 1502 qui
854 1411 980 1498 nescir,
989 1413 1099 1505 eps„m
1109 1439 1157 1487 ex
1166 1440 1259 1510 pm·

190 1517 374 1594 ditatione
391 1509 579 1584 cicerone
593 1513 781 1594 intellieer,
797 1531 858 1584 aut
873 1515 1013 1598 Lucilii,
1029 1516 1128 1605 apud
1141 1539 1256 1606 quem

192 1617 359 1694 disserent
368 1613 558 1706 Neptunus
568 1611 657 1681 dere
664 1609 1048 1691 difficillimaosten-tit
1056 1636 1136 1686 non
1145 1615 1254 1707 poss'e

190 1721 228 1796 id
244 1715 431 1806 explicari,
456 1729 525 1782 nee
540 1708 563 1780 li
580 1705 798 1782 Carneadem
814 1710 923 1801 ipsum
937 1710 1059 1784 Οτευε
1072 1719 1254 1794 remi-tar,

188 1821 250 1908 lr,
276 1835 356 1888 eunt
376 1817 525 1904 legatur
544 1811 586 1880 ab
609 1809 880 1882 Atheniensibus
900 1810 1052 1884 Romam
1064 1813 1188 1886 missus
1203 1817 1255 1890 es·

190 1919 262 1996 set.
285 1911 476 2004 disputarit
492 1909 534 1978 de
546 1903 676 1998 justitia
689 1908 856 2000 copiose,
881 1911 1048 1982 audiente
1062 1912 1200 2000 Galba,
1215 1915 1252 1988 dt

189 2019 330 2092 Catone
343 2007 538 2094 Censorio,
564 2009 724 2080 maximis
740 2027 828 2081 tunc
843 2011 1060 2084 oratoribus.
1068 2011 1140 2084 Sed
1149 2015 1249 2090 idem

185 2113 458 2210 disputationem
485 2105 577 2178 suam
603 2107 773 2198 postridie
798 2113 978 2182 contraria
1001 2110 1249 2202 disputatione

185 2209 384 2294 subvertitq
410 2205 443 2282 ὰ
455 2203 643 2298 justitiam,
669 2227 774 2296 quant
799 2211 912 2300 pridie
930 2211 1162 2300 laudaverat,
1190 2213 1246 2286 su·

186 2315 305 2400 slnlit,
331 2329 406 2382 non
421 2305 561 2394 quidem
576 2305 779 2395 philosophi
793 2310 990 2402 gravitate,
1018 2311 1118 2400 cujus
1136 2308 1242 2385 firma

187 2415 221 2488 dr
240 2411 366 2486 stabilis
385 2407 491 2480 debet
504 2403 572 2477 elle
589 2402 780 2483 sententia.
812 2405 869 2478 sed
886 2409 978 2496 quasi
996 2411 1157 2480 oratorio
1174 2432 1239 2482 ex·

185 2515 300 2588 ercitii
319 2528 449 2604 genere
466 2509 499 2577 in
515 2521 698 2596 utramque
714 2522 849 2596 partem
867 2505 1064 2586 differendi.
1075 2510 1189 2608 Quod
1199 2512 1241 2584 il·

185 2615 360 2698 lelsacere
384 2606 539 2690 solebat,
566 2620 606 2677 ut
620 2608 707 2678 alios
725 2608 897 2696 quidlibet
911 2606 1101 2681 afferentes
1119 2609 1241 2701 pollet

183 2713 354 2784 refutare.
395 2703 477 2778 Eam
497 2703 792 2796 disputationem,
818 2728 886 2794 qua
894 2707 1025 2796 justitia
1042 2710 1239 2805 evertitur,

183 2809 277 2902 apud
300 2807 512 2877 Ciceronem
536 2805 575 2879 L.
592 2805 716 2877 Furius
732 2807 958 2878 recordatur:
984 2808 1118 2898 credo,
1145 2832 1241 2900 quo·

180 2909 274 2984 niam
293 2907 335 2978 de
352 2905 548 2994 Republica
562 2903 773 2990 disserebat,
800 2919 841 2974 ut
857 2905 1095 2980 desenfionem
1116 2911 1240 2986 lauda·

184 3011 395 3095 tionemque
415 3005 490 3088 eins
508 3004 713 3092 induceret,
739 3002 889 3093 fineque
906 3009 1054 3097 putabat
1066 3010 1139 3103 regi
1156 3031 1238 3088 non

177 3106 278 3204 posse
294 3103 572 3197 Rempublicam.
622 3101 819 3174 Carneades
837 3123 976 3192 alitem,
1001 3121 1042 3178 ut
1057 3108 1238 3184 Aristote-

178 3213 249 3283 lem
266 3205 446 3278 refelleret
464 3224 504 3274 ac
525 3203 710 3276 Platonem
725 3201 865 3293 justitie
883 3216 1086 3297 patronos,
1119 3212 1235 3301 prima

179 3311 239 3382 illa
258 3303 493 3394 disputatione
513 3305 659 3398 collegit
680 3326 721 3376 ea
737 3306 877 3388 omnia,
903 3324 980 3392 quar
1004 3325 1074 3394 pro
1096 3307 1234 3397 justitia

177 3407 408 3494 dicebantur,
433 3419 473 3473 ut
492 3399 606 3495 pollet
619 3403 695 3482 illa,
721 3399 808 3472 licut
826 3400 926 3488 fecit,
944 3422 1123 3479 evertere.
1143 3406 1234 3484 Erat

175 3507 270 3580 enim
298 3505 523 3592 facillimum,
547 3500 714 3593 justitiam
732 3500 867 3571 radices
882 3522 957 3572 non
975 3503 1166 3580 habentem
1182 3512 1231 3582 la·

174 3601 371 3688 besallare,
399 3603 478 3692 quia
496 3617 570 3672 tum
587 3602 680 3671 nulla
695 3602 840 3672 interra
855 3598 945 3693 fuit,
971 3604 1111 3693 utquid
1126 3604 1230 3702 effer,

178 3720 238 3774 aut
251 3702 384 3792 qualit,
411 3696 668 3791 aphilosopbis
688 3712 905 3775 cerneretur.

247 3801 368 3890 Atque
382 3801 514 3904 utinqm
530 3811 644 3867 totae
660 3799 747 3870 tales
763 3798 851 3887 viri,
877 3816 1046 3890 quantum
1057 3804 1232 3893 eloquen-

171 3899 229 3972 tie
247 3915 485 3988 quantumque
504 3897 627 3976 animi,
655 3910 790 3967 tantum
807 3899 911 3970 etiam
930 3898 1084 3970 scientie
1102 3905 1145 3976 ad
1164 3909 1230 3980 im.

194 3999 332 4074 lendan
343 3997 583 4074 defensionem
593 3995 731 4070 summe
746 3995 889 4070 virtutis
900 3999 1115 4093 habuissent,
1124 4007 1228 4099 qu‘ue

1102 4123 1176 4180 ott·
