2825 4709
181 319 183 326 *
331 354 481 436 bruxa
505 354 532 438 l.
558 379 616 434 nu
642 339 786 434 rausi
810 356 1089 456 Raxrofronu.
1147 471 1157 482 ..
1189 363 1239 454 σς

280 520 362 594 Tum
386 541 503 618 quoque
525 522 697 615 presterum
721 527 812 616 virgo
828 524 997 620 simulacra
1022 528 1167 596 vitarunt

277 619 281 660 ·’
326 625 466 691 Mittere
492 623 610 694 roboreo
628 622 748 718 sorpta
770 643 869 718 ponte
892 624 998 706 saltn,
1226 703 1229 711 ¹

167 714 269 794 Nam
283 717 329 794 de
343 719 558 813 infantibus,
583 722 642 814 qui
656 722 770 795 eidem
784 722 940 795 Saturno
958 723 1234 807 immolabantur

166 832 327 914 propter
341 818 464 894 odium
482 821 607 913 jovis,
625 821 708 912 quid
720 823 857 912 dicam,
868 842 943 894 non
961 824 1134 911 invenio;
1160 838 1236 902 tam

166 919 361 1009 barbaros,
377 933 449 992 tam
466 920 635 994 immanes
650 918 750 993 suille
764 922 939 1004 homines,
953 936 994 992 ut
1007 913 1247 1013 parricidium¹

167 1014 295 1107 suum,
320 1016 425 1100 idest
441 1032 574 1093 tetrum
596 1034 703 1111 atque
721 1021 920 1094 execrabile
938 1024 1094 1094 humano
1112 1025 1236 1117 generi

168 1115 336 1208 facinus,
362 1115 571 1192 sacrificium
586 1134 781 1193 vocarent:
808 1142 889 1194 cum
904 1134 1044 1192 teneras
1061 1137 1168 1212 atque
1181 1123 1235 1196 in·

166 1229 348 1289 nocentes
365 1218 510 1305 animas,
521 1239 597 1307 quae
611 1220 762 1292 maxime
780 1219 830 1292 est
844 1234 927 1291 aetas
943 1221 1149 1311 parentibus
1158 1222 1235 1295 dul·

168 1316 271 1407 cior,
299 1315 371 1388 fine
386 1318 464 1388 ullo
481 1315 641 1409 respetiu
654 1318 797 1408 pietatis
814 1321 1087 1413 extinguerent,
1114 1322 1235 1394 imma·

167 1418 392 1506 nitatemque
411 1417 570 1488 omnium
586 1414 796 1506 bestiarum,
823 1410 1234 1507 quaetamenfoetussuos

171 1513 456 1602 amantseritate
464 1513 680 1607 superarent.
709 1517 745 1588 Ο
761 1516 973 1589 dementiam
987 1514 1233 1591 insanabilem!

170 1614 270 1708 Quid
283 1614 352 1686 illis
367 1612 420 1686 isti
432 1614 492 1688 Dii
510 1614 657 1706 amplius
674 1612 793 1688 facere
809 1613 970 1708 possent,
996 1613 1021 1686 s1
1041 1612 1152 1687 ellent
1168 1616 1254 1698 ira-,

124 1735 127 1812 ὲ
170 1713 306 1804 tissimi,
332 1712 773 1806 quamfaciuntpropitiil
789 1734 869 1787 cum
888 1714 969 1786 suos
983 1716 1236 1807 cultorespar·

124 1817 126 1826 ⁴
170 1812 304 1884 ricidiis
319 1813 527 1905 inquinant,
554 1814 767 1886 orbitatibus
787 1811 962 1904 maiiant,
988 1812 1149 1908 humanis
1160 1812 1234 1889 sen·

124 1907 126 1920 ’
171 1901 266 1985 fibu's
280 1908 459 2004 spoliant?
486 1912 584 2009 Quid
602 1911 722 2007 potest
737 1910 806 1987 elle
819 1913 872 1986 his
888 1910 1233 2012 hominibussansli?

174 2010 256 2081 Aut
271 2012 354 2102 quid
370 2011 405 2083 in
424 2011 585 2103 profanis
598 2013 688 2084 locis
706 2010 860 2096 sacient,
876 2012 934 2103 qui
944 2011 1038 2084 inter
1049 2032 1124 2084 aras
1134 2012 1235 2088 Deo·

170 2128 250 2181 rum
266 2107 399 2182 summa
414 2107 545 2183 scelera
559 2110 818 2185 committunt?
832 2109 1056 2184 ‘Pescennius
1064 2108 1186 2185 Festus
1195 2115 1235 2190 in
1272 2183 1275 2189 .

171 2208 270 2282 libris
289 2207 510 2282 historiarum
527 2230 591 2301 per
606 2207 769 2303 Satyram
786 2208 920 2298 refert,
937 2208 1233 2305 Carthaginenses

174 2306 330 2379 Saturno
344 2308 512 2381 humanas
528 2308 659 2382 hostias
675 2307 801 2382 solitos
815 2311 1018 2382 immolare:
1046 2308 1170 2383 &cum
1180 2312 1236 2383 vi·

177 2405 221 2480 ui
244 2403 358 2480 ell'ent
382 2405 657 2504 ab‘Agathocle
677 2428 762 2504 rege
784 2408 1006 2494 Siculorum,
1032 2407 1159 2480 iratum
1171 2408 1234 2482 srbi

178 2503 295 2580 Deum
311 2504 504 2597 putavilie3
530 2501 650 2597 itaqde
664 2508 918 2602 utdiligentius
930 2507 1108 2598 piaculum
1118 2504 1237 2586 solve·
1293 2543 1295 2554 ·

177 2618 277 2699 tent,
305 2604 482 2679 ducentos
499 2607 672 2680 nobilium
692 2602 788 2678 filios
800 2603 1005 2681 immolasse.

257 2697 419 2790 ‚linem
446 2706 579 2797 Rettrgto
601 2710 710 2802 potuit
731 2708 861 2793 suadere
885 2706 1049 2794 malorum,

275 2805 359 2895 Qua
381 2808 500 2900 peperit
520 2806 599 2900 sape
622 2806 785 2896 scelerosa,
810 2821 903 2901 atque
927 2808 1023 2897 impia
1041 2796 1147 2894 fasir.

177 2897 244 2974 Cui
262 2923 354 2998 ergo
369 2903 609 2978 dementissimi
626 2904 790 2978 homines
808 2906 872 2976 illo
886 2897 1057 2975 sacrificio
1077 2898 1238 2977 consule·

177 3001 289 3088 bant;
318 3023 398 3075 cum
414 3013 547 3076 tantam
564 3010 701 3096 partem
718 3004 875 3075 civitatis
891 3003 1115 3091 occiderent,
1130 3023 1238 3092 quan·
1266 3041 1269 3046 ·

176 3113 248 3176 tam
262 3099 412 3176 fortaffe
428 3124 475 3175 ne
489 3101 710 3199 Agathocles
732 3103 870 3193 quidem
892 3101 1009 3175 vidior
1025 3095 1238 3173 occiderat?

248 3203 313 3273 Ab
329 3199 396 3274 isto
413 3221 544 3297 genere
553 3200 732 3274 sacrorum
750 3222 825 3275 non
842 3202 988 3275 minoris
1002 3198 1139 3271 insaniae
1145 3196 1239 3287 judi·

174 3301 291 3374 canda
309 3297 390 3372 sunt
403 3301 546 3394 publica
561 3301 620 3373 illa
637 3299 751 3392 sacra,
777 3322 928 3391 quorum
945 3302 1009 3372 alia
1025 3296 1236 3370 suntmatris

172 3396 321 3492 Deum,
346 3399 383 3472 in
409 3403 536 3492 quibus
562 3400 726 3473 homines
750 3397 817 3471 suis
840 3399 900 3491 ipb
926 3398 1087 3470 virilibus
1111 3395 1236 3483 litant,

176 3511 367 3592 amprrtato
383 3499 478 3574 enim
493 3498 577 3573 sexu
590 3521 658 3572 nec
667 3502 768 3571 viros
780 3496 828 3589 se,
838 3497 1073 3571 necsoeminas
1083 3495 1236 3568 faciunt:

178 3595 259 3676 dlia
273 3597 449 3688 Virtutis,
463 3620 566 3691 quam
581 3598 738 3690 eamdem
755 3597 939 3671 Bellonam
956 3610 1106 3684 vocant,
1119 3596 1154 3665 in
1165 3592 1240 3684 qui·

176 3696 239 3770 bus
255 3697 322 3791 ips1
338 3695 541 3771 sacerdotes
558 3719 633 3771 non
651 3699 792 3788 alieno,
809 3696 868 3770 sed
888 3695 949 3767 suo
964 3715 1094 3767 cruore
1109 3689 1240 3766 sacrifi.

136 3813 141 3892 ξ
179 3810 269 3873 cant
298 3794 410 3870 Sectis
425 3818 577 3889 namque
593 3798 769 3887 humeris,
796 3798 828 3869 dr
844 3811 994 3886 utraque
1008 3815 1113 3867 manu
1129 3792 1240 3865 distri·

137 3895 141 3906 '
181 3893 251 3968 iios
269 3895 410 3992 gladios
427 3910 630 3986 exerentes,
646 3910 808 3980 currunt,
824 3893 1036 3982 efferuntur,
1050 3891 1239 3970 insaniunt.

182 3991 328 4087 Optime
341 3997 450 4092 igitur
468 3996 711 4111 Quintilianus
728 3996 765 4066 in
782 3993 974 4068 Fanatico:
1000 3990 1249 4085 lstudnnqun,

146 4125 148 4132 ·
182 4091 320 4170 iDeus
342 4095 458 4190 cogit,
483 4108 594 4172 iratus
610 4094 672 4178 eli.
718 4093 893 4178 Etiamne
916 4095 1003 4180 haee
1022 4090 1131 4179 iusta
1149 4090 1265 4168 iunii

216 4187 374 4280 Istam.
387 4187 514 4268 Turb
720 4193 759 4278 E
1113 4199 1238 4284 wm-
