2825 4709
183 358 185 362 ’
311 279 1093 444 atterutro-'evirarent7
1149 341 1224 468 429

164 525 261 603 niam
285 518 318 593 dr
337 517 483 605 virtus,
515 524 559 587 ut
576 508 790 604 docuimus,
814 495 1090 578 immortalitatis
1108 495 1160 574 est
1174 491 1228 572 ia·
1317 557 1323 572 ,

168 622 363 722 tricarim,
389 615 425 690 dr
449 614 620 706 voluptas
644 607 785 701 mortis.
832 601 940 678 Mors
963 596 1226 700 autemdicit

168 721 329 813 ostendi,
355 736 432 792 non
453 712 612 787 funditur
635 707 779 808 perimit
796 724 838 780 ae
855 702 972 804 delet,
999 695 1059 800 sed
1081 697 1227 774 eternir

169 822 279 901 afficit
294 814 523 893 cruciatibus.
543 808 669 904 3Nam
685 805 832 880 interire
851 797 996 900 prorsus
1013 798 1127 875 anima
1144 816 1225 896 non

168 922 309 1024 potest3
335 915 503 1012 quoniam
515 932 560 988 ex
571 903 644 988 Dei
656 903 802 1005 spiritu,
820 906 879 998 qui
887 905 1049 1004 eternus
1065 895 1136 994 est,
1154 897 1226 972 ori·

170 1026 289 1123 ginem
316 1020 422 1114 cepit.
473 1011 631 1106 Anima,
656 1006 798 1103 inquit,
823 1005 931 1082 etium
953 999 1120 1080 morbum
1144 1017 1227 1075 cor.

171 1124 273 1221 poris
303 1118 442 1214 sentit,
474 1113 510 1188 dr
541 1112 766 1187 oblivionem
799 1106 851 1181 sni
880 1108 1043 1204 patitur,
1071 1098 1106 1184 dt
1136 1101 1230 1186 ficut
1318 1115 1321 1124 ’

171 1218 361 1321 egrescit,
395 1219 447 1290 ita
472 1214 578 1309 etiam
602 1204 691 1304 sede
717 1207 868 1285 sanatur.
926 1205 1012 1301 Hoc
1036 1201 1088 1280 est
1112 1222 1225 1310 ergo,

172 1344 237 1397 cur
263 1320 415 1396 maxime
443 1313 558 1387 virtus
584 1309 784 1386 adhibenda
808 1307 878 1401 stt,
913 1325 961 1380 ne
988 1305 1065 1380 ullo
1092 1300 1227 1397 totpo-

170 1426 219 1499 ris
251 1421 380 1494 dolore
410 1413 592 1511 frangatur
607 1409 624 1505 ,'
653 1410 688 1484 u
716 1407 945 1502 obliuionem
972 1401 1028 1499 sui
1050 1405 1128 1478 non
1152 1401 1228 1476 ani·

166 1528 254 1613 ma,
289 1518 346 1593 sed
367 1533 466 1591 mens
493 1514 675 1606 patiatur.¹
694 1597 697 1612 1
718 1512 810 1605 Quae
834 1504 1004 1602 quoniam
1026 1515 1126 1602 certa
1146 1520 1228 1577 cor·

172 1624 274 1719 poris
289 1620 438 1715 regione
461 1610 641 1704 consistit,
676 1629 758 1684 cum
778 1629 861 1696 eom,
874 1618 1012 1702 partem
1031 1604 1089 1678 via
1111 1602 1229 1696 alique

171 1722 293 1802 morbi
313 1714 529 1806 vitiaverit,
554 1724 727 1785 movetur
744 1708 833 1783 loco
845 1759 859 1799 ,
873 1705 919 1801 „dr
939 1701 1036 1798 quan
1053 1695 1229 1795 conquat·

172 1821 266 1913 sata,
293 1821 337 1891 de
354 1815 433 1891 sede
447 1810 508 1887 sua
522 1815 689 1908 emigrat,
715 1804 1041 1896 redinuaiciiitet,
1059 1822 1141 1878 cum
1154 1822 1230 1890 mej-

172 1924 253 2000 dela
270 1922 304 1992 ἃ
321 1918 447 1991 sanitas
464 1912 681 1994 domicilium
700 1907 799 1984 suum
815 1897 1082 1986 reformaverit
1130 1897 1229 1984 Num

174 2024 255 2115 quia
268 2016 389 2111 jundta
404 2012 455 2088 est
470 2014 584 2086 anima
596 2030 680 2087 ,cum
694 2029 875 2104 corpore,
894 2007 926 2084 11
942 2012 1078 2088 virtute
1091 2017 1231 2109 careri,
1277 2045 1280 2060 =

139 2185 146 2196 .
175 2114 444 2213 contagioejus
468 2108 652 2207 aegrescit,
685 2108 965 2198 &imbecillitas
990 2112 1036 2190 de
1052 2103 1229 2193 societate

172 2217 372 2318 fragilitatis
393 2210 569 2286 redundat
586 2208 630 2282 ad
650 2224 818 2287 mentem.
867 2210 959 2288 Cum
979 2227 1098 2292 autem
1122 2214 1227 2292 diffo-

127 2355 130 2400 ;
175 2324 269 2396 tiata
283 2314 393 2391 fuerit
414 2336 435 2390 a
455 2327 636 2408 corpore,
656 2300 800 2406 'vigebit
817 2309 896 2404 ipsa·
904 2333 969 2407 per
986 2301 1040 2409 se,
1065 2334 1136 2389 nec
1154 2318 1230 2394 ulle

126 2405 132 2529 ξ
170 2401 245 2517 jdm
265 2413 692 2513 fragilitatis'conditione
706 2411 924 2514 tentabitur,
950 2416 1031 2506 quir
1044 2415 1230 2492 indumen.

127 2577 134 2631 5
174 2534 252 2595 tum
270 2518 394 2614 fragile
406 2515 571 2609 proiecit
596 2511 1229 2609 sicutoculur,inquit,evu1susac

174 2618 353 2715 separatus
369 2635 390 2730 a
410 2633 568 2706 corpore
581 2615 668 2698 nihii
683 2608 804 2709 potest
817 2611 963 2696 videre:
994 2615 1044 2689 ita
1063 2612 1098 2689 dt
1111 2616 1228 2706 anime

126 2683 139 2842 ξ
173 2719 332 2815 separata
349 2714 438 2789 nihil
453 2711 600 2828 sentire,
627 2714 707 2806 quia
728 2714 764 2788 dt
781 2712 852 2810 ipsa
872 2733 953 2810 para
973 2712 1033 2798 est,
1045 2719 1227 2812 corporis.

165 2819 312 2924 'Falsum
337 2816 431 2905 hoc,
457 2811 662 2888 drdrssimile
680 2812 752 2903 est3
786 2816 902 2890 animo
925 2818 1020 2894 enim
1042 2835 1119 2902 non
1145 2839 1229 2913 pare

126 2871 141 3036 Ξ
172 2916 364 3009 torporis,
397 2911 509 2988 sedin
532 2932 689 3006 corpore
708 2913 770 2990 est.
823 2915 926 2989 Sicut
940 2916 1002 3011 id,
1028 2915 1127 3009 quod
1143 2917 1228 2998 vase

126 3079 141 3138 ι
177 3017 410 3107 continetur,
434 3011 524 3087 vaste
539 3033 619 3107 pars
635 3033 712 3089 non
730 3012 803 3112 est,-
826 3036 896 3091 nec
912 3038 954 3092 ea
973 3017 1099 3109 quein
1113 3017 1227 3100 domo

128 3161 136 3239 l
171 3114 275 3208 sunt,
300 3128 419 3229 parter
435 3113 562 3190 domur
579 3111 649 3189 effe
662 3114 845 3190 dicuntur:
870 3116 1237 3212 itrnecanimaprrr·

174 3214 229 3292 est
247 3225 431 3308 corporis,
456 3214 538 3307 quia
552 3217 685 3311 corpus
703 3217 766 3290 vel
781 3236 845 3292 var
863 3218 985 3292 anime
1001 3213 1073 3312 est,
1098 3218 1161 3293 vel
1172 3238 1229 3293 re·

172 3317 409 3410 ceptacuium.

126 3481 137 3540 Ι
197 3513 206 3531 ι
250 3414 327 3531 Jam
340 3412 426 3488 illud
441 3419 684 3513 argumentum
698 3415 815 3490 multo
828 3413 1138 3513 magisinmeest,
1153 3437 1230 3513 quo

127 3581 137 3641 1
172 3528 226 3600 ert
247 3535 419 3608 ammam,
446 3515 527 3608 quia
547 3535 624 3590 non
641 3515 750 3596 ¹citius
775 3518 959 3592 emittatur
984 3533 1031 3598 ,ex
1053 3537 1229 3617 corpore,

126 3684 136 3742 1
171 3616 362 3692 mortalem
384 3613 518 3707 videri,
544 3609 603 3689 sed
623 3616 790 3708 paulatim
808 3613 844 3690 se
865 3638 911 3692 ex
935 3618 1102 3693 omnibus
1118 3641 1230 3700 mem-

127 3783 136 3832 ⁸
171 3715 249 3794 bria
267 3717 444 3812 explicem
469 3711 650 3790 usummir
672 3715 822 3809 pedibus
841 3716 1034 3810 incipient:
1058 3730 1230 3813 tanquam

126 3875 139 3931 t
171 3813 306 3891 tietiet
325 3831 478 3908 aeterna,
510 3832 588 3889 uno
603 3818 778 3910 temporie
794 3825 983 3906 momento
1000 3833 1228 3913 erumperett

126 3960 129 4018 t
169 3916 271 4009 quod
295 3913 337 3989 iit
355 3916 392 3989 in
413 3916 483 4008 iis,
512 3916 577 4009 ¹qui
599 3912 700 3988 ferro
725 3916 921 3992 intereunt.
981 3918 1088 4021 Quot
1106 3934 1228 3998 autem

126 4075 129 4090 .
166 4015 319 4094 morbnr
332 4014 527 4115 interimit,
551 4009 712 4109 spiritum
727 4017 859 4094 (11111111
874 4014 1062 4118 efflant,
1082 4031 1126 4114 ut
1138 4039 1229 4112 pau·
