2825 4709
235 410 281 464 12
327 383 460 462 Fam
476 357 751 460 ·annnnnu
772 401 924 462 owen.
947 363 1191 465 secernant.

231 552 351 632 lucem
364 543 487 643 pestus
503 547 714 641 humanum,
739 536 858 639 neque
873 548 1161 643 explanationem
1175 559 1294 623 tanta·
1321 587 1327 636 p

123 693 125 697 -
230 667 313 726 runt
337 667 455 722 retum
476 647 571 741 capit
588 650 706 744 lingua
721 648 902 721 mortalis·
928 646 1073 744 idipsum
1087 649 1289 744 intelligere
1322 691 1327 741 2

231 769 303 825 nos
317 760 468 842 oportet
479 767 521 820 ac
534 748 665 822 dicere
713 748 835 822 Video
849 745 988 841 rursus,
1015 749 1326 840 quidecontraa·
1321 803 1327 839 2

230 851 290 924 rio
307 846 377 921 dici
391 847 515 940 poffit:
541 848 628 921 tales
646 845 715 920 elle
726 849 807 922 1llos
824 851 962 942 plures,
989 850 1126 940 qualem
1139 865 1289 922 nosvo·
1322 892 1327 940 1

230 952 347 1025 tumus
367 967 488 1021 unum.
538 949 590 1018 At
604 948 675 1021 hoc
689 946 767 1021 fieri
782 950 883 1030 nullo
901 947 1004 1041 pallo
1020 945 1160 1042 potest,
1188 948 1317 1041 quod
1322 992 1327 1042 ι

228 1041 447 1143 'fingulorum
463 1046 619 1140 potestas
634 1041 978 1144 progredilongios
972 1068 1049 1120 non
1067 1047 1327 1140 valeb1t‚oc÷

108 1152 110 1155 ’
230 1148 457 1221 currentibus
474 1146 536 1219 fibi
552 1146 789 1262 potestatibus
800 1165 1035 1224 caeterorum.
1065 1145 1218 1221 Necesse
1235 1145 1287 1221 est
1324 1193 1327 1238 ξ

229 1249 346 1339 enim,
375 1262 416 1319 ut
429 1243 511 1318 suos
528 1250 677 1336 quisque
691 1247 821 1321 limites
838 1261 899 1320 aut
913 1247 1109 1342 transgredi
1119 1262 1287 1339 nequeat,
1326 1292 1327 1304 ι

230 1360 294 1420 aut
311 1346 337 1420 fi
363 1344 592 1441 transgrellus
610 1346 738 1440 fuerit,
766 1346 832 1420 suis
855 1349 1002 1440 alternnn
1018 1342 1148 1418 finibus
1165 1347 1287 1439 pellat,

217 1445 320 1522 'Non
335 1446 476 1536 vident,
493 1446 554 1535 qui
569 1444 672 1520 Deos
688 1450 822 1521 multos
838 1446 906 1521 elie
923 1447 1086 1537 credunt,
1103 1442 1180 1519 fieri
1188 1444 1289 1539 polle

138 1549 141 1560 “
229 1558 274 1618 ut
290 1546 396 1637 aliqui
415 1542 593 1618 diversum
614 1547 751 1636 velint3
778 1567 952 1638 exquare
971 1544 1180 1639 disceptatio
1193 1548 1288 1619 inter

109 1695 112 1702 .
142 1727 148 1738 ,
229 1644 346 1720 eos&
365 1658 545 1719 certamen
561 1646 715 1717 oriatur:
741 1647 829 1718 sicut
847 1641 1027 1719 Homeros
1044 1646 1215 1718 bellantes
1234 1645 1287 1717 in-

125 1816 129 1823 .
205 1770 207 1773 ’
228 1760 286 1819 ter
304 1744 339 1818 se
357 1744 458 1817 Deos
475 1740 599 1832 finxit3
628 1765 708 1819 cum
726 1747 781 1817 alii
795 1743 943 1838 Trojam
959 1746 1037 1837 capi
1052 1747 1210 1836 vellent,
1229 1746 1288 1818 alii

225 1858 479 1941 repugnarent.
506 1841 736 1941 Uniusigitur
745 1845 894 1918 arbitrio
904 1845 1152 1941 mundumregi
1165 1843 1287 1917 neces-

227 1944 263 2018 se
277 1944 337 2018 est.
363 1942 440 2018 Nisi
453 1942 546 2015 enim
557 1942 768 2040 fingularum
782 1945 934 2038 partium
948 1942 1162 2037 potestasad
1176 1951 1284 2020 unani

225 2042 495 2137 providentiam
504 2042 700 2136 referatur,
727 2067 802 2118 non
818 2045 956 2137 poterit
969 2042 1099 2117 summa
1114 2040 1185 2135 ipsa
1196 2064 1284 2117 con·

225 2141 338 2233 stare,
363 2161 586 2233 unoquoque
602 2144 690 2216 nihil
705 2161 854 2217 curante
871 2144 1034 2237 amplius,
1062 2163 1165 2233 quam
1181 2144 1282 2233 quod

226 2242 272 2315 ad
285 2262 366 2316 eunt
382 2241 529 2338 proprie
544 2243 716 2334 pertinet:
743 2244 832 2316 ficut
840 2266 886 2316 ne
894 2265 949 2315 res
961 2243 1101 2333 quidem
1110 2242 1285 2335 militaris,

224 2341 289 2417 nifi
304 2362 413 2415 unum
431 2342 559 2414 habeat
575 2343 702 2415 ducem
719 2343 825 2434 atque
840 2341 1028 2417 reclorenn.
1081 2342 1193 2513 quod
1206 2342 1230 2416 li
1243 2343 1282 2416 in

224 2463 301 2515 uno
317 2441 478 2514 exercitu
492 2454 552 2514 tot
568 2440 702 2516 fuerint
718 2446 973 2539 imperatores,
1001 2457 1091 2533 quot
1118 2442 1281 2537 egiones,

227 2555 322 2634 quot
342 2543 536 2634 cohortes,
562 2558 653 2635 quot
677 2544 802 2638 cunei,
831 2556 922 2637 quot
941 2545 1025 2633 ale,
1052 2542 1202 2634 primum
1214 2563 1285 2614 nec

225 2640 347 2713 instrui
363 2642 501 2732 poterit
519 2642 626 2735 acies,
634 2665 854 2737 unoquoque
869 2642 1068 2735 periculum
1077 2639 1283 2730 recusante;
1314 2707 1318 2713 .

173 2771 175 2778 s
223 2760 294 2814 nec
313 2740 387 2835 regi
403 2740 507 2812 facile
523 2754 583 2812 aut
600 2746 808 2833 temperari,
827 2743 924 2835 quod
939 2740 1006 2813 suis
1022 2742 1177 2833 propriis
1196 2761 1284 2815 con·

110 2899 118 2920 ,
222 2838 305 2913 sniis
322 2852 467 2910 utantur
484 2861 623 2932 omnes,
634 2863 785 2931 quorum
803 2841 1007 2915 divetfitate
1020 2842 1097 2934 plus
1109 2855 1282 2930 noceant,

123 3001 125 3006 .
224 2958 329 3030 quam
345 2938 501 3029 prolint:
527 2938 574 3011 stc
589 2940 723 3013 inhoc
740 2961 856 3016 renum
869 2954 1004 3014 naturae
1017 2941 1191 3034 imper-io,
1215 2941 1281 3016 nili

222 3058 315 3110 unus
333 3036 461 3129 fuerit,
489 3036 532 3110 ad
558 3059 663 3131 quem
688 3041 802 3114 totius
828 3041 966 3115 lummae
989 3059 1074 3112 cura
1090 3039 1283 3133 referatur,

221 3136 387 3212 universa
404 3137 641 3212 solventur&
658 3156 839 3215 corruent.

301 3238 434 3310 Dicere
448 3252 587 3331 autent,
612 3242 808 3316 multorum
834 3238 981 3314 arbitrio
1006 3237 1282 3336 regimundum,

211 3339 294 3420 ,tale
310 3336 380 3426 est,
407 3340 509 3428 quale
522 3338 546 3410 fi
560 3338 637 3429 quis
650 3338 817 3435 affirmet,
840 3343 963 3413 inuno
976 3358 1135 3432 corpore
1150 3337 1280 3411 multas

220 3435 291 3510 effe
305 3449 460 3510 mentes:
487 3440 654 3530 quoniam
680 3441 790 3513 multa
818 3442 851 3514 bt
877 3441 975 3512 varia
996 3438 1075 3511 sunt
1090 3434 1280 3510 ministeria

220 3539 484 3623 membrorum
510 3551 552 3608 ut
568 3537 722 3632 singulos
733 3560 897 3634 corporis
908 3536 1279 3633 sensusnngnlaenten

127 3629 130 3640 '
219 3648 275 3707 tes
290 3656 413 3731 regere
429 3634 637 3711 credantur
661 3637 1279 3730 1tem1nulnaffeclns‚qulbuscom

218 3755 361 3808 moven
351 3733 529 3809 solemus
547 3740 609 3810 vel
627 3736 698 3809 ad
688 3758 795 3834 tram,
823 3742 881 3812 vel
902 3739 944 3811 ad
964 3738 1207 3830 cupiditatem,
1215 3737 1281 3808 vel

220 3834 265 3905 ad
278 3833 456 3925 laetitiam,
479 3836 539 3908 vel
558 3835 601 3907 ad
608 3849 774 3930 metunt,
792 3842 853 3912 vel
870 3841 912 3911 ad
929 3834 1212 3949 miserationem
1238 3849 1282 3907 ut

217 3930 800 4010 1nh1somnibust0t1demmentes
813 3951 1154 4031 putenturoperart
1180 3935 1281 4027 quod

139 4142 143 4152 Ι
218 4031 334 4127 fiqns
346 4054 414 4130 pto
417 4032 512 4108 lello
531 4034 648 4137 dicat,
674 4057 722 4112 ne
739 4035 845 4134 ipsam
864 4037 1020 4134 quidem,
1031 4057 1108 4129 quae
1121 4057 1280 4209 ἔοι,
1214 4033 1280 4127 est,
1312 4079 1319 4088 -

1147 4135 1228 4207 abc·
