2825 4709
146 349 149 358 ’
225 455 236 463 ,
272 355 394 480 Ilm
419 353 480 436 111.
505 375 558 436 nr
582 373 700 464 rausa
721 353 1096 454 Summotis
1121 317 1214 462 '139

149 519 208 604 Ita
221 521 428 600 inducendo
442 522 599 611 bonum,
625 518 723 611 quod
739 537 814 594 non
829 517 872 594 fit
886 519 1096 596 inhominis
1109 533 1216 616 pote·

149 624 254 714 state,
270 640 391 698 totum
406 621 588 704 hominem
603 620 726 706 aliene
739 618 870 692 ditioni
884 616 1125 718 subjugarunt
1136 621 1214 700 nu

146 728 286 800 diamus’
308 722 415 797 etiam
434 719 642 808 Zenonem
673 740 753 793 nam
779 720 808 792 is
833 720 1017 798 interdum·
1039 725 1215 804 virtutem

148 823 315 899 somniat.
347 819 550 909 Summum,
575 821 715 914 inquit,
739 817 966 911 esthonum,
988 840 1073 898 cum
1087 838 1216 906 natura

145 922 392 998 consentanee
409 919 546 995 vivere.
573 915 774 992 Belluarum
793 920 900 1016 igitur
914 923 1020 993 nobis
1035 944 1139 1010 more
1150 924 1212 998 vi·
1267 928 1270 934 ’

147 1024 311 1097 vendum
331 1018 391 1093 est
436 1018 531 1092 Nam
547 1039 624 1118 quae
640 1017 756 1093 ¹ubelle
767 1020 906 1092 debent
920 1021 967 1094 ab
978 1020 1145 1118 homine,
1170 1025 1218 1106 in

147 1125 192 1196 iis
212 1124 331 1196 omnia
347 1119 684 1210 deprehenduntur:
711 1120 921 1212 voluptates
935 1136 1123 1215 appetunt,
1137 1145 1212 1200 me·

149 1235 280 1313 tuunt,
304 1218 452 1308 fallunt,
478 1219 701 1311 insidiantur,
730 1220 926 1313 occidunt3
957 1218 1014 1312 di,
1039 1224 1139 1316 quud
1162 1221 1210 1304 ad
1317 1247 1319 1252 ’

146 1340 223 1395 rem
244 1320 396 1396 maxime
418 1321 568 1408 attinet,
595 1317 714 1390 Deum
730 1319 903 1392 nesciunt.
929 1320 1026 1412 Quid
1043 1342 1131 1417 ergo
1148 1343 1209 1400 me
1294 1359 1297 1374 =
1328 1321 1331 1332 '

147 1420 280 1510 docet,
307 1436 347 1490 ut
366 1416 694 1490 vivamsecundum
710 1431 891 1502 naturam,
917 1436 995 1506 quae
1010 1419 1082 1510 ipsa
1096 1424 1133 1494 in
1144 1424 1208 1500 de-

145 1522 258 1592 terius
283 1538 398 1611 prona
422 1514 493 1602 est,
520 1515 781 1606 &quibusdam
798 1514 1047 1589 blandimentis
1063 1519 1208 1602 leniori·

144 1620 212 1694 bus
227 1622 263 1691 in
282 1619 369 1690 vitia
385 1614 607 1709 praecipitat?
637 1618 705 1687 Vel
720 1615 745 1688 n
758 1614 861 1688 aliam
873 1628 1078 1700 mutorum,
1102 1622 1207 1698 aliam

144 1719 301 1792 hominis
318 1718 405 1790 dicit
422 1712 491 1788 esse
500 1731 687 1806 naturam,
713 1715 813 1804 quod
830 1714 942 1788 homo
962 1716 1013 1792 ad,
1032 1721 1208 1798 virtutem

110 1885 119 1918 ,
143 1818 194 1892 srt·
203 1818 366 1915 genitus,
390 1816 555 1888 nonnihil
570 1814 674 1887 dicit:
702 1813 761 1888 sed
776 1829 983 1888 tamennon
998 1820 1068 1892 erit
1082 1815 1207 1894 defini·

102 1939 107 1948 ’
145 1917 201 1992 tio
210 1915 330 1991 summi
340 1916 450 2003 boni3
475 1917 705 2007 quianullum
720 1914 772 1988 est
787 1913 936 2007 animal,
960 1911 1226 2006 quodno'nsei'
1308 1974 1313 1984 .

146 2018 301 2092 cundum
321 2030 480 2089 naturam
499 2017 591 2087 suam
612 2017 725 2088 vivat.
935 2067 940 2076 ,
1186 2061 1190 2068 -

218 2115 294 2216 Qui
312 2114 489 2188 scientiam
509 2113 677 2187 summum
693 2116 829 2186 bonum
843 2111 953 2206 fecit,
978 2113 1110 2205 aliquid
1135 2117 1204 2194 ho-

141 2214 228 2290 mini
248 2214 431 2308 proprium
444 2212 560 2286 dedit:
587 2209 644 2286 sed
660 2210 999 2292 scientiamalterius
1013 2215 1065 2284 t'ei
1089 2220 1203 2312 gratia
1274 2271 1297 2304 ,¹

142 2310 884 2407 huminesappetunt‚nonpropteripsam.
907 2314 1205 2484 guitcnimscire
1230 2381 1235 2388 .

139 2426 338 2488 cernemus
352 2412 418 2501 est,
433 2434 508 2486 non
517 2430 692 2506 expetens
702 2416 854 2504 aliquem
863 2411 920 2484 fru
956 2433 1014 2486 um
1024 2407 1205 2492 scientiae!

142 2513 256 2588 Artes
268 2513 353 2586 ideo
370 2509 562 2600 discuntur,
578 2527 620 2583 ut
634 2524 889 2583 exerceantur:
913 2527 1131 2584 exercentur
1142 2494 1203 2596 arl-

142 2628 218 2688 tem
234 2615 294 2687 vel
310 2612 355 2684 ad
374 2610 518 2683 subsidia
537 2613 641 2701 vitae,
671 2612 731 2680 vel
745 2610 788 2680 ad
806 2612 1051 2701 voluptatem,
1079 2616 1139 2700 vel
1156 2616 1202 2692 ad

142 2715 304 2810 gloriam.
355 2710 444 2784 Non
460 2708 511 2782 est
525 2709 632 2805 igitur
646 2691 814 2783 summum
828 2711 985 2800 bonum,
1011 2712 1110 2802 quod
1122 2731 1201 2794 non

138 2828 294 2907 propter
311 2810 346 2883 se
362 2811 554 2901 expetitur.
579 2808 676 2907 Quid
692 2825 781 2905 ergo
797 2809 956 2898 interest,
965 2824 1083 2883 utrum
1092 2812 1210 2890 scien·x

140 2912 227 2990 tiam
240 2908 408 2985 summum
422 2911 557 2982 bonum
573 2926 760 3003 putemus,
786 2905 1204 3001 anillaipsaquaescienc

140 3014 192 3086 tia
209 3032 256 3084 ex
272 3008 305 3083 se
320 3010 433 3101 parit,
459 3009 493 3080 id
511 3007 584 3100 est,
610 3009 757 3099 victum,
769 3008 932 3103 gloriam,
945 3012 1198 3105 voluptatem-l

139 3133 221 3204 quae
232 3130 308 3183 non
322 3104 402 3181 sunt
414 3109 549 3182 homini
566 3110 731 3201 propria‚
758 3110 790 3179 dt
807 3109 956 3181 ideone
974 3105 1106 3183 summa
1122 3112 1200 3201 qui.

140 3212 222 3284 dem
238 3211 346 3283 bona.
392 3206 485 3281 Nam
499 3208 698 3300 voluptatis
717 3208 750 3277 dr
767 3206 883 3280 vidtus
898 3211 1102 3300 appetentia
1119 3231 1198 3290 non

138 3307 279 3384 homini
295 3305 426 3393 solum,
453 3306 510 3379 sed
529 3309 634 3379 etiam
647 3308 756 3381 mutis
770 3304 870 3380 inest.
909 3307 1005 3405 Quid
1021 3306 1197 3398 cupiditas

139 3404 290 3504 gloriae‘i
316 3427 439 3480 nonne
451 3407 487 3478 in
504 3408 603 3494 equis
619 3406 918 3500 deprehenditur,
946 3427 1026 3480 cum
1040 3404 1198 3492 tutiora

139 3502 602 3599 exultant,.vistidolentl
1040 3569 1044 3580 ,
1184 3541 1195 3590 3

244 3602 372 3681 'summ
396 3630 481 3674 amor
505 3609 647 3689 laudum,
674 3618 775 3676 tanta
798 3602 840 3701 eft
863 3599 1003 3675 villoria
1027 3628 1121 3676 cure.
1152 3643 1156 3650 ·
1182 3623 1200 3708 ἶ·

138 3698 225 3785 Nec
238 3704 418 3783 immerito
433 3702 584 3777 summus
598 3717 709 3798 poeta
723 3704 978 3797 experiendum
996 3702 1064 3776 elie
1079 3706 1151 3778 aita-
1179 3741 1196 3792 a

247 3808 296 3880 El
321 3808 390 3903 quis
414 3808 629 3896 turquestein
653 3803 757 3884 vaila,
781 3831 847 3901 que
869 3808 967 3898 gloria
991 3808 1107 3900 palma.
1186 3851 1191 3864 ·

138 3906 257 4006 Quod
274 3904 298 3980 ss
315 3928 375 3986 ea.
402 3924 479 3992 quae
498 3905 589 3996 parit
602 3901 765 3990 scientia,
794 3906 995 3980 communia
1015 3903 1095 3980 sunt
1114 3923 1208 3986 cum·

137 4009 215 4084 aliia
232 4006 453 4100 animalibus,
460 4023 538 4080 nun
554 4001 708 4100 estergo
718 4001 1033 4179 summumbonuzt
1040 4001 1198 4175 scientia
1208 4043 1216 4074 .·
1241 4110 1244 4114 ι
1329 4055 1331 4060 .

737 4139 740 4148 ·
1035 4124 1168 4178 ree·
