2825 4709
270 339 456 448 ‘urm
479 368 507 447 1.
532 391 591 446 on
616 393 759 446 riusa
784 365 1099 454 Remorum(¹
1168 398 1214 474 33

148 511 356 627 delapsum,
383 522 507 607 eadem
526 530 659 631 figura,
674 556 756 627 ,qua
768 537 897 608 imbres
914 534 1053 609 ferreos
1071 511 1212 634 dicunt,

146 654 232 708 cum
258 633 525 707 multitudinem
549 633 720 725 telorum,
732 632 981 730 sagittarumqe
997 622 1213 714 describunt.

142 729 318 827 Rapuille
335 732 466 810 dicitur
479 732 516 803 in
529 734 647 824 aquila
663 732 895 808 Catamitum:
920 735 1087 826 poeticus
1106 737 1213 810 color
1253 745 1256 756 “

143 832 208 907 est.
238 830 311 905 Sed
330 846 392 904 aut
409 852 473 924 per
488 833 668 929 legionem
686 834 826 925 rapuit,
847 831 1116 930 cujusinfignea
1143 836 1215 910 uila

143 931 220 1018 est3
249 947 312 1003 aut
327 934 453 1025 navis,
477 931 604 1022 in'qua'
618 930 885 1025 estimposrtus,
913 934 1062 1008 tutelam
1086 934 1131 1007 ha
1157 936 1212 1007 uit

142 1024 525 1126 inaquilafiguratam3
540 1030 802 1125 ‘ficuttaurum
817 1052 898 1106 cum
912 1032 1044 1127 rapuit,
1057 1030 1215 1130 &trana-

143 1136 255 1204 vexit
270 1126 463 1222 Europam.
502 1127 643 1205 Eodem
658 1130 771 1204 modo
789 1129 1006 1218 eonvertille
1020 1134 1057 1206 in
1073 1135 1213 1212 bovem

144 1230 303 1305 traditur
319 1229 362 1302 lo
381 1228 502 1304 Inachi
518 1226 646 1323 filiam,
673 1252 771 1323 quae,
796 1245 839 1304 ut
850 1233 939 1306 iram
950 1231 1103 1327 Junonis
1120 1230 1214 1306 effu-

145 1343 272 1429 geret,
297 1342 339 1400 ut
355 1342 433 1401 erat
443 1330 514 1419 J'am
529 1328 610 1402 setis
627 1330 761 1426 obsita,
782 1330 944 1421 jambos
962 1330 1110 1406 tranalle
1125 1332 1212 1406 dici·

145 1447 340 1518 turmore,
365 1429 404 1499 in
420 1427 691 1523 AEgyptumque
706 1427 861 1520 venile,
888 1444 995 1520 atque
1005 1431 1052 1503 ibi
1062 1447 1212 1525 recepta

146 1527 296 1625 pristina
314 1525 430 1619 specie
444 1525 523 1600 Dea
536 1526 644 1615 falla,
662 1548 741 1620 quae
757 1549 854 1601 nunc
869 1528 928 1602 Isis
945 1542 1110 1601 vocatur.
1121 1533 1212 1627 Quo

147 1629 258 1725 igitur
277 1641 490 1722 argumento
509 1628 655 1720 probari
670 1625 802 1722 potest,
811 1649 879 1701 nec
893 1625 1078 1720 Europam
1088 1630 1123 1702 in
1134 1643 1214 1702 tau·
1243 1679 1247 1684 -

148 1748 192 1801 ro
212 1721 358 1819 sedisse,
383 1747 450 1799 nec
465 1726 508 1800 lo
523 1725 647 1802 latiam
662 1726 824 1801 bovem?
866 1728 979 1826 Quod
996 1744 1117 1819 certus
1133 1727 1211 1801 dies

148 1828 305 1901 habetur
314 1828 350 1898 in
358 1824 482 1917 Fastis,
493 1847 565 1917 quo
584 1826 680 1900 Isidis
696 1828 879 1923 navigium
895 1828 1112 1900 celebratur:
1131 1848 1211 1919 quae

149 1947 208 2002 rea
217 1927 345 2014 docet,
357 1946 433 1998 non
449 1923 599 1998 tranalle
613 1927 722 2021 illam,
736 1923 796 1999 sed
814 1925 1003 2023 navigasse.
1029 1925 1139 2023 lgitur
1150 1928 1212 2019 qui

151 2025 272 2120 sapere
288 2022 351 2097 sibi
364 2025 548 2114 videntur,
557 2024 638 2116 quia
652 2026 854 2119 intelligunt
868 2027 997 2101 vivum
1011 2038 1213 2101 terrenum·

151 2147 220 2218 que
233 2144 369 2216 corpus
391 2126 428 2198 in
446 2126 539 2196 coelo
557 2122 627 2198 elle
645 2146 722 2214 non
740 2123 860 2219 polle,
886 2138 1002 2202 totam
1028 2125 1211 2219 Ganyme·

153 2225 256 2298 deam
271 2221 428 2297 fabulam
448 2244 515 2316 pro
533 2222 620 2297 falso
637 2224 845 2318 repudiant3
872 2246 914 2297 ac
929 2223 1085 2299 sentiunt
1093 2230 1129 2299 in
1138 2239 1211 2321 ter-

149 2345 189 2398 ra
209 2324 248 2396 id
270 2321 349 2401 esse·
363 2321 514 2417 fartum,
541 2324 621 2415 quia
638 2344 694 2397 res
713 2346 754 2397 ac
772 2325 884 2398 libido
902 2323 973 2420 ipsa
989 2339 1131 2397 terrena
1147 2324 1210 2398 est.

149 2421 241 2497 Non
258 2442 347 2519 ergo
362 2421 450 2514 ipsas
463 2443 520 2495 res
535 2422 646 2519 gestas
663 2422 851 2497 finxerunt
861 2437 999 2516 poetae3
1018 2421 1213 2512 quodfifa·

151 2536 299 2614 terent,
326 2518 437 2594 ellent
455 2520 640 2595 vaniffimi:
666 2521 727 2594 sed
744 2523 850 2593 rebus
872 2520 975 2615 gestis
1000 2520 1213 2594 addiderunt

152 2622 342 2715 quemdam
359 2622 534 2694 colorem.
567 2618 657 2693 Non
672 2624 766 2693 enim
784 2618 1027 2693 obtredlantes
1042 2621 1102 2693 illa
1117 2619 1213 2693 dice·

151 2726 262 2814 bant,
278 2718 345 2793 'sed
362 2740 491 2792 ornare
505 2720 702 2811 cupientes.
737 2719 833 2793 Hinc
847 2718 1011 2793 homines
1027 2718 1213 2812 decipiun-

152 2835 229 2895 tur:
256 2821 408 2894 maxime
416 2819 528 2911 quod,
536 2820 618 2893 dum
636 2822 712 2892 haec
728 2818 936 2894 omnialldta
954 2816 1023 2894 effe
1037 2820 1212 2893 arbitran-

151 2920 394 3013 turapoetis‚
419 2920 560 3010 colunt,
576 2919 674 3011 quod
685 2920 865 3016 ignorant.
917 2916 1091 2992 Nesciunt
1102 2921 1212 3013 enirn,

152 3021 212 3114 qui
234 3019 277 3092 sit
297 3020 451 3111 poeticae
470 3018 623 3092 licentiae
647 3019 799 3107 modus3
827 3038 1015 3110 quousque
1039 3018 1211 3116 progredi

150 3117 325 3216 fingendo
342 3119 465 3191 liceat:
491 3139 572 3191 curn
586 3116 743 3191 officium
759 3131 879 3210 poetae
892 3118 934 3191 srt
948 3119 984 3191 in
1000 3140 1068 3211 eo,
1094 3131 1136 3188 ut
1154 3137 1211 3210 ea,

151 3241 230 3313 quae
241 3216 422 3315 gestasunt
433 3239 541 3309 vere,
558 3220 593 3290 in
611 3218 694 3290 alias
711 3215 843 3310 species
858 3218 1013 3308 obliquis
1027 3212 1212 3312 figuratio·

149 3321 259 3395 nibus
277 3338 357 3390 eum
371 3317 503 3391 decore
517 3318 637 3409 aliquo
656 3314 1019 3390 conversatraducat.
1070 3304 1214 3391 Totum

149 3433 296 3509 autem,
322 3416 419 3508 quod
436 3417 590 3508 referas,
616 3413 771 3513 fingere,
796 3416 833 3489 id
848 3414 900 3491 est
913 3415 1075 3508 ineptum
1090 3410 1215 3506 elle,dt

94 3501 97 3670 ‚
149 3517 361 3596 mendacem
378 3519 521 3609 potius,
539 3529 810 3609 quampoetam.
1077 3523 1081 3531 “
1151 3601 1154 3606 ,

218 3615 299 3689 ¹Sed
313 3613 485 3689 finxerint
500 3614 584 3706 ista,
611 3636 687 3707 quae
705 3614 864 3688 fabulosa
878 3614 1092 3701 creduntur3
1124 3629 1212 3689 num

149 3718 261 3793 etiam
276 3717 357 3806 illa,
385 3736 462 3806 quae
480 3716 523 3787 de
543 3714 621 3789 Diis
636 3713 807 3807 foeminis,
826 3714 1212 3806 Deorumqueconnu·

147 3819 219 3894 biis
230 3813 435 3888 didlasunt?
462 3811 535 3885 Cur
551 3816 656 3911 igitur
671 3815 718 3887 src
731 3810 940 3911 figurantur,
949 3814 997 3886 fic
1011 3808 1210 3898 coluntur?

147 3918 212 3992 nisr
234 3914 333 3988 forte
349 3935 425 3987 non
440 3926 579 3987 tantum
596 3928 728 4009 poetae,
742 3913 801 3988 sed
816 3912 971 4007 pidlores
987 3913 1092 3985 etiam
1109 3909 1213 3985 fino-

146 4036 284 4107 resque
294 4015 484 4114 imaginum
494 4014 729 4091 mentiuntur.
754 4012 791 4087 Si
806 4014 902 4090 enim
915 4014 976 4087 hic
989 4010 1041 4086 est
1055 4012 1211 4109 Jupiter,

203 4107 500 4191 lautorum.
744 4109 776 4185 C
1099 4111 1161 4204 qul
