2825 4709
595 367 806 445 &a
1189 418 1230 472 n

163 564 349 650 maniam
361 563 511 650 veteris
529 561 688 649 claflicae
704 560 1109 650 litteratura-divitias
1134 562 1231 650 illue

167 696 384 818 spargere,
409 695 582 784 relatum
600 700 772 783 enimin
790 694 968 808 publicis
986 697 1159 784 novellis
1176 697 1241 784 le·v

168 837 331 946 gimus,
353 831 548 918 libertatis
569 832 611 918 81
627 829 868 944 reipublicae
885 853 1007 918 novae
1023 836 1231 922 America-

167 995 235 1053 nae
253 970 444 1054 statorem
454 965 763 1052 Francklinium
782 993 834 1050 ex
841 965 1055 1078 Bipontina
1073 965 1234 1055 officina

165 1104 212 1186 in
231 1099 479 1187 nascentium
493 1097 610 1211 ‚apud
626 1096 719 1184 suos
737 1127 836 1186 curn
852 1099 1041 1187 libertate
1057 1101 1232 1188 scientia·

168 1263 271 1322 rum
284 1235 534 1347 adjutorium
544 1233 633 1320 illos
644 1233 1025 1322 veteresAuthores
1036 1236 1232 1326 evocasse.
1258 1277 1261 1286 ·

257 1371 313 1456 Et
329 1375 370 1455 in
389 1370 463 1456 hac
479 1396 653 1485 quoque
673 1369 796 1454 nostri
811 1369 950 1483 gaudii
974 1375 1159 1475 materia,
1189 1376 1234 1458 in

170 1503 256 1590 hoc
273 1530 349 1616 pro
365 1504 556 1619 augendo
573 1508 721 1589 veteris
738 1502 975 1589 litteratura
986 1502 1146 1592 clafficae
1155 1508 1233 1594 stu·

172 1638 265 1741 dio,
296 1639 528 1726 Germania
556 1640 697 1724 nostrae
726 1660 807 1726 tam
832 1636 1029 1754 glorioso,
1065 1660 1233 1756 tamque

170 1770 266 1859 utili
284 1771 470 1875 confilio,
486 1776 636 1885 primas
654 1771 795 1886 aliquo
811 1771 938 1858 modo
952 1773 1096 1866 nostra
1113 1772 1233 1862 debe·

171 1933 271 1995 mus
289 1903 449 1993 deferre
464 1906 720 2009 Franconioe,
750 1909 862 2018 prius
873 1910 1004 2008 enim,
1025 1935 1094 1994 me
1108 1907 1234 1996 suaso

172 2071 242 2145 re,
262 2091 312 2104 -
341 2039 409 2128 sed
426 2038 581 2128 suasore
599 2062 846 2141 tantum,-
870 2041 1113 2146 Staheliana,
1139 2071 1232 2161 quat

172 2177 445 2292 Wirceburgi
462 2177 538 2277 est,
559 2171 738 2272 officina,
753 2171 833 2285 ipsa
849 2171 927 2276 illa,
939 2201 1032 2289 quat
1047 2203 1116 2264 me
1131 2183 1233 2294 quo

177 2340 263 2427 que
280 2308 458 2414 suasore,
488 2308 605 2396 fimul
622 2308 666 2396 8(
679 2308 847 2421 prande
862 2309 1029 2396 edendis
1048 2310 1235 2400 Patribus

174 2444 264 2538 suas
281 2447 423 2559 operas
441 2447 534 2534 dein
550 2442 722 2544 addixit,
744 2441 1079 2530 recudendorum
1094 2448 1138 2532 in
1153 2442 1237 2531 for-

162 2610 245 2670 ‘ma
259 2586 419 2667 minore
435 2576 613 2692 portatili
630 2576 1235 2687 clafficorumscriptorumcon·

174 2714 311 2800 silium
327 2737 499 2827 ceperat,
518 2710 656 2822 &jam
674 2712 903 2802 executioni
919 2710 1099 2815 dederat,
1110 2740 1239 2827 quam

175 2845 407 2958 Manhemii
430 2844 609 2932 Kleinius
628 2869 770 2946 meus,
790 2869 862 2932 aut
878 2846 1041 2959 Bippnti
1058 2848 1236 2940 Crollius
1257 2951 1261 2958 ¹

178 2981 223 3068 δι
244 2979 421 3066 Exterus
444 2977 585 3089 junda
602 3003 728 3091 opera
751 2977 849 3064 huic
873 2985 1042 3096 negotio
1064 3009 1236 3070 manum

175 3111 458 3200 admovissent.
513 3115 679 3200 Horum
695 3111 898 3200 industria
917 3142 1042 3232 quarn
1059 3120 1237 3228 manime

175 3209 281 3336 sa'vit
297 3249 507 3346 Minerva,
529 3241 689 3335 &sauir
703 3242 883 3336 fortuna.
930 3247 1099 3335 invideo
1122 3251 1237 3363 e'qui·
1278 3263 1299 3318 ¹

174 3381 277 3470 dem
303 3403 385 3469 tam
412 3377 521 3467 fel-ici
545 3380 698 3468 horum
724 3378 917 3496 successui
944 3385 1081 3492 patria
1110 3381 1237 3486 causa,

174 3521 245 3604 eui
264 3520 306 3602 in
318 3515 403 3622 ,hoe
422 3542 573 3630 genere
590 3519 726 3600 meriti
746 3541 895 3626 prater
913 3513 1033 3602 bonae
1052 3512 1237 3614 voluntaf

175 3655 254 3752 tis,
275 3651 317 3736 δι
333 3648 500 3764 ordinis,
518 3649 599 3735 sive
614 3643 708 3734 fasti
724 3650 828 3735 initii
844 3647 1020 3762 gloriam
1034 3651 1106 3734 vix
1122 3646 1237 3764 quid·

178 3811 311 3899 quarn
332 3780 531 3898 superest,
558 3781 785 3878 litterarum
803 3783 997 3868 tamen&
1014 3781 1238 3868 humanita-

177 3923 229 4004 tis
251 3921 390 4032 gratia,
412 3939 461 4002 ut
477 3913 618 4002 eadem
637 3913 896 4028 prosperitate
911 3942 1037 4028 porro
1055 3901 1242 4002 succedat

163 4047 454 4180 'Bipontinunr
469 4054 712 4172 negotium,
738 4075 859 4168 opto,
884 4052 928 4138 81
946 4073 1040 4138 vota
1055 4046 1179 4136 saciu—
1230 4159 1234 4164 Ι

671 4206 747 4288 a5
1105 4177 1187 4269 Lo·
