2825 4709
208 375 286 460 184
306 364 439 444 Frnrr.
462 353 754 444 Lacetani
769 349 925 448 nrvrn.¹
945 361 1188 444 ldanrrnr.

209 531 287 606 lare
296 551 430 605 nomen
443 530 794 626 voluptatisinvitat.
821 526 942 602 Nemo
959 527 1051 602 enim
1066 527 1197 600 nonin
1213 526 1271 602 vi-
1304 535 1310 568 ‘

209 633 260 705 tia
278 650 412 722 pronus
430 630 491 704 est.
519 629 712 720 Preterea,
728 645 769 701 ut
788 628 831 701 ad
849 625 885 701 se
901 627 1160 702 multitudinem
1177 641 1269 699 con-

208 733 351 820 trabat,
379 730 537 821 apposita
553 730 691 823 singulis
709 729 908 819 quibusque
921 728 1082 801 moribus
1095 726 1267 817 loquitur.

123 867 125 876 ·
210 826 436 903 Desidiosurn
453 844 553 902 vetat
567 830 703 902 litterar
719 826 866 916 discere,
875 847 1022 900 avarum
1032 826 1193 919 populari
1201 826 1271 896 lar·

210 929 353 1026 gitione
366 930 514 1017 liberat,
540 928 707 1021 ignauum
729 927 899 1021 prohibet
920 928 1094 999 accedere
1116 924 1159 996 ad
1180 944 1271 996 rern-

211 1029 412 1122 publicam,
439 1031 577 1124 pigrum
595 1028 777 1118 exerceri,
803 1026 962 1099 timidum
978 1027 1141 1099 militare.
1180 1022 1272 1095 ltre-

213 1126 360 1222 ligiosus
377 1126 473 1198 audit
493 1125 594 1198 Deos
611 1126 697 1198 nihil
716 1126 864 1213 curare3
889 1126 1121 1214 inhumanus,
1149 1119 1182 1194 dt
1201 1120 1272 1195 suis

214 1228 416 1300 commodis
431 1227 614 1316 tribuens,
635 1226 784 1317 jubetur
804 1225 891 1298 nihil
914 1225 1074 1315 cuiquam
1090 1224 1271 1309 tribuere3

215 1324 336 1398 omnia
354 1328 447 1397 enim
466 1323 522 1396 sua
539 1322 637 1396 causa
653 1324 777 1398 facere
789 1321 994 1416 sapientem.
1018 1322 1183 1418 Fugienti
1196 1334 1273 1392 tura

207 1421 297 1497 -barn
312 1421 469 1497 solitudo
485 1424 657 1498 laudatur.
684 1423 758 1522 Qui
773 1424 1063 1518 nimiumparcus'
1077 1420 1146 1506 est,
1169 1418 1273 1493 discit

209 1543 308 1614 aqua
325 1522 520 1615 &polenta
535 1526 645 1597 vitam
662 1522 762 1619 polle
780 1525 939 1597 tolerari.
989 1524 1063 1624 Qui
1083 1520 1162 1593 odit
1180 1540 1272 1592 uxo·

213 1641 313 1711 rem,
339 1623 423 1694 huic
439 1637 693 1696 enumerantur
707 1623 1016 1709 coelibatusbona;
1044 1621 1190 1694 habenti
1201 1641 1274 1693 rna·

110 1755 113 1762 ·
214 1722 275 1794 loa
299 1723 432 1793 liberor
457 1725 592 1794 orbitas
617 1721 854 1812 praedicatum
880 1715 1047 1793 adversus
1066 1720 1194 1811 impios
1213 1739 1274 1809 pa-

131 1862 145 1892 .»
214 1836 337 1893 rentes
349 1822 482 1893 nullum
499 1819 569 1894 else
584 1820 766 1892 vinculum
778 1834 924 1892 naturae.
947 1818 1147 1911 impatienti
1161 1839 1201 1890 ac
1212 1817 1294 1889 de·'

210 1918 330 1992 -licato
345 1919 509 1991 dolorem
529 1917 601 1992 effe
615 1917 778 1993 omniurn
789 1921 963 1993 malorum
982 1921 1170 1992 maximum
1188 1915 1274 2012 dici·

217 2030 297 2088 tur:
323 2016 427 2107 sorti,
443 2018 550 2091 etiam
564 2019 601 2091 in
619 2020 809 2091 tormentis
827 2021 969 2092 beatum
987 2018 1055 2092 elle
1069 2017 1275 2109 sapientem.

218 2116 293 2214 Qui
313 2116 464 2188 claritati
479 2120 711 2210 acpotentiae
726 2117 862 2211 studet,
888 2118 974 2192 huic
994 2116 1194 2210 praecipitur
1219 2135 1277 2187 re·

142 2260 144 2266 -
176 2273 179 2288 .
209 2233 282 2311 gea
297 2216 439 2288 coleret
466 2218 526 2309 qui
542 2216 739 2290 molestiam
754 2217 849 2290 serre
864 2216 1102 2309 nonpotest,'
1122 2215 1205 2289 huic
1220 2234 1277 2285 re·

211 2314 310 2410 giam
332 2312 467 2410 sugere.
506 2316 689 2398 ltahomo
707 2315 840 2388 astutus
861 2338 905 2388 ex
927 2311 1032 2388 variis
1056 2314 1282 2400 diversaque,

214 2415 379 2489 moribus
396 2416 566 2489 circulum
582 2417 702 2511 cogit,
730 2416 859 2488 &dum
874 2414 990 2489 studet
1006 2417 1146 2508 placere
1161 2408 1277 2486 omni·
1305 2420 1307 2424 ’

114 2516 121 2540 ’·
216 2512 308 2600 bus,
334 2515 469 2605 majore
488 2514 659 2588 discordia
675 2514 791 2588 secum
808 2514 880 2607 ipse
897 2518 1091 2611 pugnavit,
1109 2534 1211 2605 quam
1224 2512 1278 2581 in·

216 2623 275 2684 ter
288 2610 322 2685 se
341 2614 508 2688 universi.
560 2615 666 2688 Unde
682 2618 801 2687 autern
818 2614 997 2707 disciplina
1014 2616 1087 2705 ejus
1105 2627 1189 2700 tota¹
1203 2608 1277 2683 des·

181 2755 186 2766 „
219 2710 373 2797 cendat,
398 2734 500 2799 quarn
521 2715 694 2807 originem
715 2716 862 2804 habeat,
887 2715 1131 2805 explicandum
1149 2708 1210 2783 est.

293 2809 453 2881 Videbat
466 2808 654 2902 Epicurus,
670 2815 776 2885 bonis
791 2814 936 2885 adversa
950 2813 1084 2906 semper
1100 2810 1278 2891 accidere,

217 2922 484 3000 paupertatem,
517 2912 681 2998 labores,
714 2912 837 3000 exilia,
870 2934 1032 2984 carorum
1059 2908 1277 2995 amissiones3

217 3005 334 3079 malos
350 2989 615 3081 contrabeatos
632 3008 722 3097 elle,
740 3011 857 3105 augeri
874 3014 1057 3102 potentia,
1076 3009 1278 3082 honoribus

138 3169 143 3176 .
216 3100 333 3177 affici:
358 3106 505 3179 videbat
520 3110 762 3181 innocentiam
778 3112 892 3182 minus
909 3124 1041 3199 tutam,
1068 3110 1198 3196 scelera
1216 3110 1279 3179 im·

217 3224 318 3297 pune
343 3207 537 3281 committi:
564 3210 731 3301 videbat,
758 3210 830 3281 sine
854 3209 992 3282 delectu
1018 3230 1177 3286 morum,
1205 3208 1279 3278 line

219 3304 348 3377 ordine
358 3302 787 3382 acdiscrimineanuorum
798 3307 1097 3397 saeviremortem3
1121 3306 1279 3378 sedalios

220 3401 264 3474 ad
274 3399 706 3506 seneclutempervenire,
734 3408 1086 3499 aliosinfantesrapi,
1113 3408 1200 3478 alios
1207 3406 1281 3494 jam

219 3501 389 3574 robustos
404 3504 570 3592 interire,
597 3508 686 3579 alios
711 3509 748 3579 in
773 3508 891 3599 primo
917 3506 1163 3581 adolescentiae
1187 3503 1283 3576 flore

218 3600 415 3673 immaturis
428 3602 611 3679 funeribus
628 3607 810 3700 extingui,
837 3608 874 3678 in
896 3608 997 3679 bellis
1019 3609 1139 3698 potius
1156 3605 1284 3676 melio·

218 3718 298 3791 res,
315 3701 480 3794 &vinci,
497 3705 673 3797 &perire
691 3704 858 3778 Maxime
874 3721 989 3779 autem
1009 3705 1283 3794 commovebat,

217 3796 384 3872 homines
404 3803 441 3875 in
463 3801 787 3900 primisreligiosos
812 3806 1035 3899 gravioribus
1059 3805 1156 3877 malis
1172 3800 1282 3874 affici:

217 3898 411 3991 iisautem,
438 3905 498 3994 qui
515 3918 576 3976 aut
594 3903 694 3976 Deos
710 3907 860 3977 omnino
876 3908 1115 4000 negligerent,
1133 3919 1283 3974 autnon

215 3998 1284 4172 piecolerent,velminoraincommodaevenire,velntglla:

1162 4122 1235 4195 rpa
