2825 4709
261 400 382 486 lun
403 397 544 485 lli'or
567 367 1071 482 arua's'aarnrrstu‘unutf
1099 371 1107 384 ’
1128 381 1201 496 169·
1211 441 1214 450 Α
1233 449 1239 459 .
1265 391 1268 396 ’

143 565 277 658 vitam,
304 585 382 658 qua
396 573 578 657 optatura
595 561 752 653 caterio,
778 557 1205 660 luperaspuiumortem'i

144 687 237 762 que,
262 684 366 766 quam
380 662 500 745 catari
516 662 662 754 tinent,
685 657 833 758 fortiter
843 657 1003 755 mltipitr
1028 657 1202 738 fineceilc
1250 686 1254 694 ’

144 765 217 856 cst,
234 776 277 839 ut
291 763 421 860 aliquid
437 783 483 840 ex
495 759 664 859 remagni
677 759 766 839 boui
779 763 914 858 pariat,
931 757 1201 858 quasusterr'titi
1300 797 1302 802 ·

145 864 182 944 St
200 862 353 963 uperau
369 860 478 957 uitur
494 857 538 941 ud
551 874 706 939 mortem
717 861 867 936 iabores
881 859 954 939 line
967 861 1114 958 praemio
1129 856 1207 936 effe

142 985 223 1040 nou
237 958 402 1054 posshntt
426 960 451 1035 ii
466 962 602 1040 nullum
616 962 811 1060 premium,
822 960 920 1053 quod
934 982 975 1038 ea
990 960 1132 1060 dignum
1143 959 1207 1060 iit,

144 1064 185 1139 in
203 1076 298 1135 terra
311 1061 507 1155 reperitur,
533 1056 819 1154 quandoquidem
829 1057 967 1153 cunila,
976 1079 1052 1156 quac
1065 1059 1202 1156 fragilia
1279 1099 1282 1106 1

144 1158 228 1237 ilrnt
242 1160 439 1251 iterduca,
463 1156 614 1259 spernit:
639 1160 724 1251 quid
741 1160 834 1253 aliud
850 1158 979 1254 restat,
1005 1160 1202 1262 niilutcoe·

143 1258 232 1339 leste
240 1258 368 1357 aliquid
380 1256 530 1351 efficiat,
555 1260 637 1356 quia
650 1274 792 1335 terrena
805 1257 1200 1352 universacontemnit,

145 1358 181 1437 dt
196 1357 383 1437 adultiora
397 1359 554 1449 nitatur,
579 1358 661 1456 quia
676 1357 821 1433 humilia
836 1356 1009 1449 despicit?
1042 1359 1085 1437 ld
1105 1353 1207 1435 veru*

143 1458 233 1536 nihii
248 1457 342 1535 aliud
356 1456 478 1556 potest
489 1454 580 1551 eise,
606 1477 711 1554 quam
727 1456 986 1534 immortaliter.
1028 1469 1033 1478 ·
1192 1459 1203 1538 ,“

199 1556 359 1636 Merito
382 1577 471 1655 ergo
489 1554 787 1652 philosophorum
802 1557 878 1630 non
893 1555 1064 1635 obscurus
1081 1552 1201 1631 Eucli-

146 1655 223 1748 der,
233 1654 560 1752 quisuitcouditor
575 1653 843 1752 Megaricorum
859 1653 1061 1751 discipline,
1075 1654 1202 1732 diffen-
1240 1677 1243 1683 ·

144 1757 238 1830 uena
261 1777 282 1829 a
304 1758 464 1849 caeterio,
486 1755 523 1828 id
534 1752 609 1834 eut
624 1754 793 1828 strmmum
809 1755 946 1827 bonum
963 1756 1074 1849 dixit,
1102 1753 1203 1853 quod

144 1854 255 1934 limile
274 1851 628 1950 nauidemsamper.
652 1851 836 1932 Intellexit
853 1853 1039 1949 profeiio,
1065 1877 1142 1947 quae
1157 1855 1201 1931 sit
1262 1924 1267 1936 ,

143 1966 274 2033 natura
287 1953 410 2033 lunai
424 1952 625 2043 bonilicet
639 1951 676 2026 id
689 1973 766 2032 non
778 1955 1027 2047 explicaverit,
1047 1953 1203 2054 quidiitt

144 2052 185 2129 id
207 2053 259 2133 est
280 2067 398 2134 autem
421 2053 689 2145 immortalitas,
714 2073 783 2126 nec
807 2053 901 2128 aliud
926 2057 1075 2133 omnino
1102 2054 1219 2147 quid.
1286 2122 1289 2126 f

148 2172 276 2251 quanm
300 2154 380 2249 quia
398 2150 473 2229 sola
488 2172 557 2230 nec
569 2152 748 2234 imminui,
762 2173 831 2231 nec
845 2154 985 2248 augeri,
998 2154 1201 2229 necimmu·

148 2253 218 2326 tari
231 2249 360 2344 potest.
394 2250 531 2329 Seneca
546 2268 690 2348 quoque
708 2252 911 2344 imprudens
926 2253 1073 2344 incidit,
1098 2250 1209 2328 urfa-³

148 2363 307 2444 teretur,
331 2352 467 2428 nullum
492 2349 562 2425 eii'e
582 2350 675 2426 aliud
696 2350 842 2426 virtutis
866 2350 1069 2444 premium,
1097 2373 1202 2442 quam

147 2449 463 2531 immortalitatem.
500 2449 665 2529 Laudans
679 2448 773 2525 enim
788 2448 961 2520 virtutem
977 2449 1014 2520 in
1031 2470 1077 2521 eo
1091 2450 1203 2545 libro,

150 2570 256 2645 quern
271 2549 314 2624 de
328 2550 511 2627 immatura
525 2560 644 2623 morte
658 2543 881 2642 conseripsit:
906 2599 934 2638 „
943 2544 1044 2630 Una,
1069 2548 1199 2644 inquit,

147 2669 243 2742 „rea
256 2648 451 2738 estvirtur,
478 2665 554 2740 quae
572 2664 640 2718 nos
656 2645 925 2718 immortalitate
938 2643 1200 2744 donarepoffit,

151 2748 224 2842 „dr
238 2767 339 2839 parea
355 2744 432 2821 Diis
447 2744 614 2822 facere.“
662 2742 732 2816 Sed
749 2744 942 2837 auraici,
960 2745 1202 2843 quorsaeutua
1275 2795 1279 2812 2

150 2846 215 2933 est,
227 2860 358 2947 negant
371 2843 443 2921 iine
458 2845 593 2920 virtute
610 2841 922 2942 efficiquemquarn
939 2847 1081 2922 beatum
1088 2847 1201 2941 poiie.

149 2944 251 3039 Ergo
272 2942 416 3021 virtutis
434 2946 611 3035 premium
629 2945 736 3019 beata
755 2943 829 3015 vita
845 2941 917 3037 est,
943 2945 966 3017 ir
993 2945 1133 3039 virtus,
1159 2965 1202 3029 uc
1283 2965 1286 2972 ·

149 3040 474 3136 reueditturnen,
500 3044 638 3115 beatam
656 3043 767 3121 vitam
785 3043 882 3117 facit.
918 3042 1200 3146 Nonestigitur,
1299 3057 1302 3062 “

149 3156 195 3218 ut
212 3143 331 3234 aiunt,
357 3156 508 3236 propter
523 3140 665 3234 seipsam
684 3144 798 3214 virt-us
816 3144 1029 3238 expetenda,
1042 3141 1100 3216 i'ed
1117 3166 1206 3237 prot

148 3254 234 3339 pter
253 3241 362 3320 vitam
382 3242 616 3339 beatamque
635 3241 805 3318 virtutem
823 3240 1016 3320 neceiiario
1036 3241 1208 3336 sequitur,

152 3340 266 3441 Quod
292 3353 537 3435 argumentum
564 3340 696 3416 docere
713 3361 786 3414 uuor
813 3342 955 3433 potuit,
989 3342 1087 3431 quod
1117 3341 1205 3425 eiiet
1257 3391 1262 3408 .

150 3438 323 3514 summum
337 3441 484 3521 bonum.
521 3439 610 3513 Haec
627 3453 744 3513 autom
757 3439 834 3519 vita
852 3438 1000 3532 praeiens
1018 3439 1052 3516 u
1072 3461 1205 3535 corpo.

151 3540 235 3614 ralis
253 3542 357 3617 beata
371 3535 441 3614 ess'e
455 3558 531 3616 non
549 3536 688 3630 potest,
715 3539 902 3630 quiamaiis
913 3538 963 3612 est
978 3537 1129 3632 subjecta
1136 3561 1204 3636 per

154 3657 299 3732 corpus.
317 3695 320 3702 .
349 3634 525 3730 Epicurus
539 3635 657 3710 Deum
670 3640 814 3716 beatum
828 3638 1121 3731 &incorruptum
1137 3662 1205 3712 vo.

148 3740 346 3915 arati
362 3735 593 3911 strutar
1296 3834 1299 3839 -

152 3956 290 4029 nuere,
310 3887 372 4015 aui
380 3937 564 4011 immutare
572 3889 685 4034 poliat.
712 3934 794 4009 Nec
811 3935 913 4010 aliter
929 3889 1115 4026 quidquam
1132 3939 1205 4010 eni.
1248 3973 1255 3990 ι
1282 3937 1285 3942 ’

150 4038 282 4133 iillum
297 4031 593 4150 beitutupoiest,
615 4033 677 4230 niis}
684 4034 1068 4250 fisttrliiueotrtlututu,
1084 4033 1220 4236 ἱξζζῖ.
