2825 4709
120 437 122 444 ,
258 364 417 449 'dm
439 339 1261 482 luseram-sums.sl‘mm11m

164 532 243 612 ule
257 555 383 611 omnes
403 532 588 607 sententie
604 527 921 621 suntrefellendae,
946 543 988 604 ut
1000 546 1237 624 appareatur·
1277 577 1280 584 ,

172 641 303 714 minem
320 636 466 707 illorum
488 627 587 720 suiss'e
605 628 809 722 sapientem.
861 628 951 703 Cum
968 630 1013 704 de
1029 627 1151 705 officio
1167 641 1238 714 bo·

169 740 276 812 minis
287 747 424 831 agatur,
435 745 586 824 oportet
599 730 769 803 summum
785 727 906 801 summi
922 733 1077 804 animalis
1095 731 1234 818 bonum

168 837 209 909 iu
227 856 273 907 eo
290 830 459 906 constitui
467 867 483 922 ,·
506 830 603 923 quod
622 849 811 902 commune
830 849 910 902 cum
924 832 1062 906 caeteris
1077 834 1235 910 animad-

170 936 241 1009 bus
261 930 330 1005 esse
348 951 422 1004 non
435 929 549 1023 pellit.
575 909 703 1002 sedst
719 928 803 1001 feris
822 928 962 1024 dentes,
974 937 1141 1007 armentis
1152 955 1235 1010 cor.

173 1054 267 1122 uua,
295 1033 504 1103 volucribus
513 1049 664 1123 penne,
690 1025 942 1121 propriasunt:
967 1030 1236 1110 denominant

174 1133 261 1223 quid
276 1126 371 1204 suum
388 1130 496 1203 debet
510 1127 678 1222 adscribi,
703 1128 776 1201 sine
790 1149 862 1220 quo
875 1127 1053 1204 rationem
1064 1129 1131 1206 suae
1141 1155 1270 1224 con-M

174 1232 321 1305 ditionis
345 1232 497 1305 amittat.
550 1227 644 1302 Nam
671 1229 769 1318 quod
790 1228 938 1302 vivendi
963 1245 1024 1304 aut
1040 1236 1235 1328 generandi

171 1327 274 1402 causa
295 1330 414 1402 datum
430 1328 482 1400 est
500 1327 688 1418 omnibus,
714 1324 765 1399 est
783 1326 924 1417 quidem
939 1328 1074 1404 bonum
1089 1333 1233 1411 natura*-

169 1429 235 1515 'le;
263 1428 432 1503 summum
449 1441 570 1500 tamen
587 1423 752 1517 nonest,
777 1425 839 1497 nisr
854 1427 952 1515 quod
969 1428 1020 1500 est-
1039 1431 1236 1526 unicuique

170 1531 293 1624 generi
307 1527 505 1622 proprium.
532 1524 678 1617 Sapiens
697 1543 784 1618 ergo
802 1543 879 1597 non
895 1525 1046 1618 fuitqui
1062 1525 1233 1612 summum

170 1629 308 1702 bouum
326 1625 479 1699 credidit
496 1625 600 1699 animi
623 1625 872 1717 voluptatem,
898 1630 1065 1717 quoniam
1081 1629 1139 1702 illa
1153 1631 1232 1709 live

170 1724 363 1819 securitas,
389 1725 464 1799 srve
500 1724 641 1797 audium
660 1722 711 1797 est
720 1774 740 1816 ,.
762 1726 962 1798 communis
981 1724 1032 1799 est
1050 1732 1232 1814 omnibus.

168 1823 356 1919 Aristippo
369 1847 415 1899 ne
429 1745 714 1918 relffrondeudum
730 1822 870 1915 quidem
886 1823 1003 1924 duco,
1030 1846 1133 1918 quem
1145 1831 1233 1908 sem-

169 1945 236 2021 per
259 1926 295 1999 in
316 1925 480 2018 corporis
502 1924 711 2016 voluptates
734 1935 925 2017 ruentem,
950 1925 1118 2019 nihilque.
1134 1933 1232 2012 aliud

171 2046 275 2116 quam
292 2025 415 2098 ventri
433 2023 616 2096 &Veneri
631 2021 860 2114 servientem,
871 2026 1001 2099 nemini
1017 2027 1163 2106 dubium
1179 2032 1232 2110 est

168 2117 352 2220 hominem
371 2143 447 2196 non
465 2121 589 2211 fuiffe3
614 2121 662 2196 sic
678 2124 772 2194 enim
785 2125 1231 2216 visitutnihilintereum

130 2287 133 2292 .
167 2224 416 2317 pecudemque
438 2220 602 2314 distaret,
629 2221 690 2295 nifi
716 2239 848 2314 uuum,
875 2225 973 2315 quod
999 2228 1229 2317 loquebatur.

167 2323 320 2422 Quodsi
339 2323 461 2414 asino,
482 2336 543 2395 aut
552 2321 648 2406 cani,
675 2336 737 2395 aut
750 2319 800 2394 sui
816 2319 965 2394 facultas
979 2323 1150 2416 loquendi
1165 2332 1228 2404 tri·
1262 2379 1265 2384 -

167 2423 321 2514 buatur,
348 2443 553 2514 quaerasque
570 2422 613 2494 ab
631 2421 710 2511 his,
737 2420 821 2511 quid
835 2420 896 2518 fibi
913 2424 1049 2514 velint,
1075 2427 1228 2504 cumfoe·

167 2522 281 2595 minas
302 2536 372 2595 tam
390 2522 513 2593 rabide
528 2517 797 2610 consectantur,
822 2531 864 2589 ut
876 2518 938 2591 vix
952 2521 1072 2595 divelli
1081 2541 1230 2625 queant,

171 2622 274 2694 cibos
295 2622 425 2712 etiam,
451 2633 650 2712 potumque
665 2615 872 2713 negligant?
897 2638 959 2691 cur
976 2635 1037 2693 aut
1053 2623 1143 2696 alios
1160 2648 1232 2710 ma·

169 2740 228 2793 res
255 2721 438 2793 violenter
463 2718 629 2814 abigant,
653 2730 718 2789 aut
731 2737 778 2789 ne
793 2714 876 2789 vitu
894 2720 1036 2818 quidem
1052 2722 1232 2826 abfistant,

169 2817 229 2894 scd
246 2842 266 2892 a
286 2816 499 2893 fortioribus
520 2818 688 2909 contriti,
717 2836 765 2889 eo
778 2817 886 2912 magis
903 2817 1140 2898 insectentur?
1160 2847 1232 2904 cur

152 2939 238 3014 ¹nec
253 2911 407 3011 imbres,
434 2914 925 3013 uecfrigorapertimescant,
956 2918 1115 3006 laborem
1127 2917 1231 3002 susci·-

166 3021 283 3113 piant,
297 3021 492 3112 periculum
509 3037 583 3089 non
599 3012 792 3089 recusent?
819 3017 916 3115 Quid
933 3020 1026 3095 aliud
1038 3020 1229 3116 responda-

168 3118 276 3211 bunt,
298 3118 359 3191 nisi
376 3117 544 3191 summum
560 3120 694 3188 bonum
711 3114 779 3188 elie
793 3118 960 3207 corporis
977 3121 1229 3212 voluptatem?

167 3238 249 3291 eam
265 3213 300 3289 se
318 3231 509 3310 appetere,
542 3230 585 3288 ut
608 3212 804 3288 afficiantur
818 3212 1029 3291 ‘suaviffimr‘s
1055 3215 1228 3317 senfibus3

167 3337 307 3407 eosque
323 3314 392 3390 esse
409 3318 521 3408 tanti,
547 3330 589 3388 ut
602 3312 893 3406 assequendorum
914 3315 1027 3407 causa,
1045 3336 1115 3391 nec
1126 3322 1229 3396 labo·-

166 3435 246 3488 rem
263 3418 324 3490 fibi
340 3418 471 3510 ullum,
488 3436 558 3487 nec
572 3414 742 3507 vulnera,
757 3435 825 3488 nec
838 3432 991 3490 mortem
1006 3416 1112 3510 ipsam
1125 3442 1228 3510 recuq

166 3513 309 3590 sandam
339 3531 479 3610 putent.
500 3523 505 3544 '
546 3512 604 3588 Ab
628 3517 730 3590 hisne
750 3514 857 3610 igitur
879 3532 1056 3612 precepta
1077 3521 1228 3600 vivendi

168 3625 357 3709 petemus,
383 3618 442 3706 qui
462 3617 536 3689 hoc
554 3613 647 3690 idem
662 3612 840 3709 sentiunt,
866 3617 964 3707 quod
981 3620 1104 3692 animae
1118 3624 1227 3696 ratio·

167 3713 440 3808 nisexpertesi
647 3745 651 3782 :
770 3743 774 3750 ·
843 3763 846 3768 -
1132 3738 1166 3758 ·-
1222 3761 1227 3770 ·

247 3817 363 3908 Ajunt
377 3813 566 3908 Cyrenaici
583 3813 755 3889 virtutem
771 3812 878 3908 ipsam
892 3835 938 3888 ex
952 3835 998 3888 eo
1007 3812 1076 3889 esse
1086 3816 1228 3894 laudan·

169 3912 275 4007 dam,
302 3915 399 4006 quod
416 3916 458 3989 fit
473 3911 626 3988 efficiens
643 3916 858 4006 voluptatis,
873 3914 1151 4008 'Veruminquit
1162 3920 1229 3992 ob·

165 4011 308 4091 screnus
324 4017 441 4111 canis,
467 4010 601 4094 aut-sus
613 4013 915 4094 illelutulentusa.
931 4011 1129 4189 Νη·ἰάἱο
1145 4037 1235 4102 cun

229 4151 239 4164 ··
273 4161 277 4170 ·
1060 4136 1093 4194 a
1107 4133 1205 4188 *ter-
