2825 4709
273 422 278 428 .
297 353 444 437 1.‚rn1rn
463 349 518 435 11.
543 377 602 432 nt:
627 305 835 472 Otreres
856 373 1067 438 eruenta
1140 359 1210 460 13?

152 517 396 597 Nuncautem
409 522 544 611 patitur
559 518 723 593 homines
739 503 877 611 errare,
904 518 939 592 ἂ
964 518 1148 597 adversum
1173 522 1213 601 se

153 641 299 711 quoque
314 621 446 713 impios
463 618 552 700 effe,
577 618 650 712 ipse
660 618 794 712 justus,
821 622 854 692 br
870 623 987 712 mitis,
1008 619 1209 712 &patiens

151 718 235 795 Nec
252 721 348 792 enim
359 716 436 792 lieri
453 718 591 813 potest,
615 734 747 792 utnon
763 720 814 811 is,
840 718 970 812 inquo
993 720 1148 813 perfeiia
1168 724 1213 799 lit
1296 735 1300 742 '

153 823 294 909 virtus,
325 820 368 891 fit
393 820 499 892 etiam
524 817 680 912 perfecie
704 820 886 911 patientia.
916 821 1045 893 -Unde
1070 824 1214 912 quidam

150 932 302 1013 putant,
327 940 373 989 ne
387 918 485 991 irasci
505 919 647 1009 quidem
665 918 783 992 Deum
801 920 974 1010 omnino,
1002 922 1100 1011 quod
1125 922 1213 999 affe·

153 1018 288 1099 ilibus,
315 1019 372 1107 qui
391 1015 470 1091 sunt
484 1017 776 1111 perturbationes
793 1020 923 1110 animi,
946 1018 1213 1112 subjebusnon

153 1118 216 1202 [ης
245 1118 325 1209 quia
349 1116 474 1213 fragile
499 1117 550 1191 est
575 1139 684 1192 omne
715 1119 861 1209 animal,
888 1122 987 1211 quod
1003 1119 1154 1194 allicitur
1178 1124 1215 1198 bt
1289 1151 1300 1158 ··

153 1232 420 1292 commovetur.
473 1221 565 1316 Quae
581 1217 755 1313 persuasio
770 1222 983 1312 veritatem,
1011 1222 1214 1313 atqueRe·

153 1317 323 1411 ligionem
337 1315 499 1389 funditus
514 1319 623 1391 tollit.
655 1316 725 1389 Sed
740 1316 931 1409 seponatur
947 1320 1089 1395 interim
1107 1323 1215 1399 locus

153 1416 213 1491 hic
228 1417 334 1488 nobis
353 1416 465 1488 deira
482 1416 551 1490 Dei
567 1416 774 1505 differendi,
806 1418 904 1507 quod
931 1416 965 1488 ἀ
990 1421 1135 1512 uberior
1161 1421 1214 1497 est

155 1518 322 1603 materia,
349 1515 382 1587 bt
408 1536 521 1607 opere
547 1517 696 1608 proprio
722 1515 827 1588 latius
853 1517 1072 1606 exequenda.
1125 1520 1219 1599 lllos'

156 1636 246 1709 ergo
260 1614 484 1705 nequiffimos
500 1614 639 1713 spiritus
656 1614 814 1707 quisquis
837 1629 1027 1689 veneratus
1043 1617 1165 1710 fuerit,
1178 1620 1215 1693 bt
1301 1683 1305 1692 .

157 1712 321 1800 secutus,
347 1736 464 1804 neque
474 1717 588 1795 coeio,
613 1736 732 1805 neque
744 1716 825 1787 luce
837 1718 1018 1807 potietur,
1043 1717 1218 1809 quaesunt

155 1813 250 1889 Dei:
275 1813 333 1885 sed
349 1816 385 1885 in
402 1816 461 1886 illa
475 1816 637 1897 decidet,
663 1835 741 1907 quae
762 1815 799 1887 iu
824 1812 1073 1889 distributione
1095 1820 1218 1896 rerum

157 1916 332 1987 attributa
352 1912 423 1986 effe
441 1914 503 2007 ipsi
516 1916 691 1987 malorum
707 1914 858 2006 principi
875 1914 1150 2008 disputavimus3
1176 1918 1216 1995 in

156 2016 324 2086 tenebras
339 2012 943 2107 scilieet,&infer.os,&supplicium
951 2012 1216 2109 sempiternum.
1239 2081 1241 2086 .

237 2114 381 2205 Docui,
400 2115 592 2209 religiones
619 2114 782 2186 Deorum
808 2114 938 2205 triplici
964 2118 1076 2190 modo
1102 2138 1215 2192 vanas

159 2210 252 2287 esse:
276 2234 372 2303 uno,
398 2215 496 2303 quod
516 2214 697 2286 limulacra
716 2211 801 2303 ista,
829 2234 907 2305 quae
927 2217 1119 2308 coluntur,
1145 2214 1218 2291 effi·

161 2316 237 2408 gies
263 2312 331 2385 sint
357 2314 541 2387 hominum
564 2329 813 2401 mortuorum3
840 2311 909 2385 elle
928 2327 1045 2386 autem
1070 2334 1220 2407 perver-

157 2410 235 2487 sum
250 2414 282 2483 δι
297 2414 556 2509 incongruens,
582 2429 623 2484 ut
640 2413 859 2485 simulacrum
876 2413 1031 2485 hominis
1050 2414 1220 2487 airmula·

161 2534 229 2584 cro
245 2512 314 2584 Dei
332 2515 487 2585 colatur:
513 2513 603 2583 colit
620 2513 735 2602 enim,
760 2510 859 2600 quod
873 2511 924 2584 est
939 2512 1141 2584 deterius&
1156 2515 1219 2587 im·

159 2612 344 2700 becillius3
378 2626 453 2685 tum
474 2612 688 2702 inexpiabile
703 2608 841 2682 facinus
862 2608 954 2702 elle,
980 2608 1141 2686 deserere
1166 2614 1220 2687 vi·

162 2726 338 2803 ventem,
372 2725 414 2783 ut
440 2709 687 2783 defuntiorum
711 2711 940 2783 monimentis
967 2708 1125 2802 servias,
1157 2712 1222 2805 qui

159 2832 233 2887 nec
250 2811 381 2903 vitam,
408 2831 477 2883 nec
492 2813 608 2883 lucem
622 2810 706 2881 dare
723 2811 884 2902 cuiquam
900 2808 1066 2904 poliunt,
1092 2814 1229 2911 quaipf.

160 2911 352 2999 licarent3
379 2933 448 2983 nec
472 2908 540 2983 elie
562 2911 667 3008 alium
694 2931 905 3000 quemquam
925 2909 1065 2999 Deum,
1089 2925 1220 3004 pretet
1271 2958 1275 2973 ι

160 3030 295 3103 unum,
322 3012 420 3100 cuius
433 3010 570 3102 judicio
589 3031 630 3081 ac
651 3008 822 3104 potestati
841 3011 956 3084 omnis
978 3011 1093 3083 anima
1109 3010 1223 3105 subie-

163 3108 285 3183 &asrt
335 3109 490 3202 Altero,
518 3110 616 3202 quod
640 3109 721 3202 ipsae
744 3109 913 3205 imagines
940 3108 1065 3198 sacrae,
1091 3111 1220 3201 quibus

160 3209 343 3284 inaniffimi
357 3210 520 3283 homines
536 3210 718 3298 serviunt,
734 3209 832 3285 omni
846 3207 945 3281 sensu
960 3222 1104 3301 carent,
1131 3230 1224 3302 quo·

162 3312 259 3384 niam
284 3322 381 3381 terra
404 3310 481 3385 lint.
532 3311 623 3404 Quis
650 3322 768 3381 autem
795 3328 871 3381 non
897 3309 1094 3403 intelligat,
1119 3307 1224 3387 nefas

161 3407 257 3500 elle,
281 3408 413 3480 retium
428 3410 553 3481 animal
570 3410 733 3497 curvari,
759 3420 801 3478 ut
817 3401 944 3480 adoret
961 3404 1118 3482 terram?
1143 3427 1224 3502 qun

162 3510 302 3583 idcirco
325 3510 474 3600 pedibus
496 3506 626 3579 nostris
650 3505 803 3597 subjecit
816 3506 888 3598 est,
912 3521 955 3577 ut
972 3505 1140 3586 calcanda
1155 3526 1225 3582 no·

163 3607 242 3698 bis,
268 3628 344 3679 non
358 3607 537 3679 adoranda
556 3608 618 3695 sit,
645 3606 704 3697 qui
720 3606 835 3679 sumus
848 3606 933 3679 ideo
949 3608 1095 3678 excitati
1112 3627 1157 3680 ex
1165 3628 1226 3701 et,

163 3705 366 3797 statumque
388 3704 568 3779 sublimem
590 3720 720 3798 praeter
744 3721 889 3780 ceteras
908 3708 1102 3778 animantes
1121 3726 1227 3783 acce·

166 3808 308 3900 pimus,
333 3821 466 3878 utnon
487 3807 719 3877 revolvamur
738 3803 922 3896 deorsum,
949 3826 1017 3877 nec
1038 3805 1135 3878 hunc
1155 3827 1226 3881 cm·

167 3905 289 3985 lestem
307 3909 446 3979 vultum
460 3904 689 3997 projiciamus
707 3904 749 3976 ad
765 3918 916 3992 terrama
944 3902 1001 3976 sed
1025 3905 1154 3976 oculos
1177 3928 1226 3980 eo

169 4006 390 4103 dirigamus,
423 4026 497 4099 quo
522 4003 605 4122 illos
630 4017 766 4177 nagture
790 4002 857 4078 suae
882 4004 1047 4079 conditio
1072 4004 1232 4176 dirggrgt,
1260 4057 1264 4066 -

663 4119 665 4124 ·
709 4121 730 4198 ς
1088 4123 1139 4178 nx
1186 4142 1204 4160 ·
