2825 4709
145 315 150 328 x
258 419 265 436 ..
289 350 446 456 *errn
468 351 499 432 1.
523 366 585 469 υς
608 372 752 428 rausa
775 350 1056 455 Rrurorottu.
1156 378 1209 453 43

129 509 234 608 Item
255 503 533 591 Maronosterz'
661 561 668 568 -
1225 587 1228 608 ,

226 622 374 689 'Aureus
390 618 476 709 haret
500 618 607 687 vitm
632 617 670 687 t‘n
694 608 802 689 terris'
818 616 986 690 Saturnus
1008 615 1128 713 agebat.

132 714 411 795 Erulioiocot
484 725 491 744 “
813 739 815 744 ·
932 793 935 805 ,
1179 767 1186 774 -

242 821 432 912 Aureaque,
458 830 496 885 arr
518 812 711 908 perhibent,
738 812 794 885 ido
810 814 870 905 sub
896 838 963 911 rege
980 812 1077 909 frere
1173 824 1205 857 ·”

117 923 120 932 ’
244 916 386 988 Saecula:
410 913 450 1009 fic
467 916 596 1010 ¹placida
617 913 743 1010 papulas
770 917 806 984 in
828 934 901 1012 pare
925 904 1055 1011 regebat.

136 1017 277 1108 Neque
291 1013 450 1108 superius
466 1011 557 1087 dixit
570 1015 609 1087 in
624 1014 719 1087 caelo
738 1011 844 1109 egiiie
862 1015 992 1109 vitam,
1019 1036 1137 1110 neque
1155 1018 1238 1102 itt-²

136 1118 254 1193 serius
271 1113 418 1206 superos
437 1115 474 1188 in
488 1134 578 1209 pace
592 1110 737 1187 rexiffe:
765 1114 860 1188 unde
876 1119 1142 1211 apparetillum
1153 1142 1209 1198 re.

141 1210 344 1317 geru'fuiise
359 1229 562 1305 terrenum
589 1211 688 1305 quod
703 1214 786 1286 alibi
802 1216 960 1308 apertius
974 1218 1148 1295 declarat:
1237 1244 1240 1252 ·

245 1353 584 1380 ······
633 1316 741 1384 Aurea
766 1317 875 1385 condet
915 1378 917 1381 Α
1198 1389 1204 1409 κ

246 1412 389 1499 Saeculr3
414 1418 470 1510 qui
497 1415 605 1501 rursus
632 1416 751 1501 Latro,
776 1430 908 1512 regnora
926 1434 986 1511 ptr
1008 1440 1104 1488 arur.

246 1517 393 1587 Saturno
417 1515 582 1610 quondam.
1064 1570 1067 1573 ⁴

143 1612 285 1689 Ennius
302 1613 444 1706 quidem
452 1616 488 1686 in
498 1608 787 1690 Euhemeronon
795 1611 948 1709 primunr
957 1612 1210 1711 dicitregnaffa

145 1715 355 1805 Saturnum,
374 1710 433 1786 sed
449 1711 611 1792 Uranutu
625 1727 776 1805 patrem.
802 1711 927 1806 Initio,
939 1713 1066 1805 inquit,
1075 1715 1217 1807 primur.

117 1871 125 1888 ,
144 1817 183 1889 in
202 1814 308 1888 terris
323 1810 493 1887 summum
511 1812 698 1907 imperium
718 1810 839 1885 Coelua
853 1812 996 1887 habuit:
1028 1815 1057 1887 is
1079 1815 1116 1887 id
1133 1836 1212 1914 reg.

144 1936 234 1989 nuru
243 1935 315 2004 una
324 1913 584 1988 cumfratribus
595 1909 663 1985 suis
676 1910 943 2004 instituitatque
951 1914 1103 2006 paravit.
1119 1915 1214 2000 Non

147 2005 634 2113 magnadiffensro,s1quidem
646 2010 882 2087 maximorum
896 2028 1062 2089 autorum
1075 2014 1120 2089 de
1130 2011 1213 2089 filio

146 2136 191 2188 ac
207 2120 309 2206 patre
327 2111 506 2187 dubitatio
522 2110 585 2188 est.
610 2095 682 2185 Sed
699 2125 820 2194 temen
838 2126 1029 2206 utrumque
1046 2109 1125 2189 fieri
1144 2134 1212 2209 po·

145 2212 237 2302 test:
261 2227 303 2284 ut
319 2210 353 2283 dt
369 2213 506 2307 primus¹
529 2212 674 2285 Uranus
696 2212 856 2285 eminere
870 2214 965 2285 inter
978 2226 1129 2287 caeteros
1145 2235 1212 2307 po·
1246 2249 1249 2255 ·

146 2312 266 2387 tentia
281 2313 451 2405 coeperit,
477 2311 511 2385 ἃ
526 2310 765 2407 principatum
780 2312 937 2404 habere,
951 2332 1029 2385 non
1039 2334 1211 2408 regnum

148 2410 277 2507 postea
295 2409 469 2485 Saturnus
487 2413 643 2504 majores
663 2409 727 2484 fibi
743 2432 834 2507 opes
850 2412 1145 2507 comparaverit,
1169 2432 1213 2496 ar,
1269 2487 1273 2499 ,

148 2514 288 2608 regium
303 2530 439 2587 nomen
454 2511 675 2587 asciverin‘
1152 2531 1154 2535 ·
1260 2519 1269 2536 ‘

460 2845 552 2921 CA
577 2846 605 2922 P
628 2847 668 2922 U
691 2844 729 2920 Τ
777 2845 894 2923 XIV.
952 2893 978 2918 .-

201 3010 294 3105 Quid
308 3010 432 3087 deDiis
440 3010 616 3085 Euhemeri
630 3009 787 3087 &Ennii
801 3009 906 3099 deerat
913 2951 1008 3103 sarra
1020 3014 1163 3114 historia.

153 3205 308 3387 Nunc
323 3210 492 3304 quoniam
507 3208 633 3300 abiis,
649 3227 728 3300 que
741 3211 942 3307 retulimus,
958 3214 1216 3307 aliquantulum

148 3403 150 3407 Ι
185 3374 211 3389 .,
259 3310 356 3383 sacra
371 3309 518 3384 historia
532 3304 709 3402 dissentit,
737 3312 932 3403 aperiamus
953 3336 1008 3408 ea,
1021 3334 1100 3406 quae
1115 3315 1218 3389 veria

152 3409 284 3483 litteris
296 3410 553 3502 continentur,
571 3428 620 3482 ne
632 3415 824 3503 poetarum
837 3414 988 3507 ineptias
1000 3413 1038 3487 in
1052 3411 1217 3492 accusan-

154 3507 208 3582 dis
227 3508 461 3604 religionibus
476 3508 573 3599 sequi
586 3529 631 3582 ,ac
646 3511 803 3601 probare
819 3513 1014 3589 videamur.
1040 3512 1128 3588 Haec
1144 3510 1218 3595 En·

153 3608 205 3683 nii
218 3608 333 3683 verba
345 3606 442 3689 sunt:
467 3606 562 3681 Exin
585 3606 758 3682 Saturnus
779 3631 934 3698 uxorem
958 3614 1061 3686 duxit
1083 3611 1216 3705 Opem.

155 3706 282 3795 Titan,
291 3707 352 3799 qui
364 3708 480 3798 maior
493 3720 582 3782 natu
597 3721 688 3799 erat,
702 3708 873 3806 postulat,
892 3726 934 3786 ut
950 3709 1023 3806 ipse
1037 3725 1216 3808 regnaret.
1269 3759 1273 3765 «

153 3805 211 3883 Ibi
225 3806 338 3881 Vesta
357 3820 471 3905 mater
487 3826 635 3899 eorum,
662 3805 854 3896 &sorores
870 3813 979 3888 Ceres
997 3823 1105 3902 atque
1120 3808 1216 3906 Ops,

155 3906 306 3982 suadent
325 3904 504 3999 Saturno,
529 3921 572 3979 ut
594 3906 639 3980 de
659 3905 776 4005 regno
800 3932 877 3988 non
901 3909 1216 4016 concedattatri.

153 4006 213 4092 Ibi
228 4004 353 4103 Titan,
371 4007 433 4101 qui
445 4006 539 4084 facie
553 4008 715 4085 deterior
728 4009 836 4108 diet,
855 4034 959 4109 quatu
970 4009 1222 4124 Saturnini&
1278 4105 1286 4118 „

422 4142 426 4147 ,
1098 4127 1166 4183 ω.
