2825 4709
232 385 305 458 430
329 357 459 439 Fiam
485 359 753 438 Lacrnnrrr
777 369 924 439 oraru.
944 359 1199 443 Insrrrnr.

168 527 178 560 '
232 525 356 632 diuina
379 525 439 604 lex
457 523 514 597 ita
540 523 631 596 duos
656 525 693 597 in
718 523 1010 618 matrimonium,
1048 529 1152 618 quod
1178 523 1233 602 est
1256 529 1285 603 iu

233 645 366 718 corpus
390 633 519 716 unum,
552 626 625 717 pari
644 624 725 715 jure
756 625 965 721 conjungit,
997 637 1039 697 ut
1065 628 1211 699 adulter
1237 629 1288 701 ha·

123 777 125 782 -
231 727 386 813 beatur,
410 726 564 815 quisquis
590 743 798 818 compagem
826 727 990 817 corporis
1017 727 1054 796 in
1077 726 1225 801 diversa
1246 729 1287 800 di·

228 825 404 901 -straxerit
455 822 538 896 Nec
571 823 620 896 ob
648 824 748 895 aliam
782 823 917 897 causam
948 824 1073 918 Deus,
1112 848 1197 899 cum
1231 849 1287 899 ce·

229 939 327 996 teras
359 924 552 996 animantes
586 919 749 1015 suscepto
780 923 869 996 foetu
900 925 1054 996 maribus
1087 946 1287 1022 repugnare

231 1021 430 1111 voluiffet,
464 1019 573 1095 solam
599 1024 759 1095 omnium
788 1023 970 1095 mulierem
995 1024 1199 1115 patientem
1227 1028 1287 1098 viri

230 1124 346 1212 fecit,
387 1121 519 1194 scilicet
557 1142 603 1194 ne
635 1120 785 1195 foeminis
823 1125 1131 1220 repugnantibus,
1177 1126 1284 1198 libido

231 1234 384 1318 cogeret
418 1222 518 1292 viros
555 1220 662 1318 aliud!
681 1235 882 1315 appetere,
919 1242 1036 1313 eoque
1068 1223 1204 1316 fatto,
1239 1248 1286 1299 ca·

225 1319 359 1397 stitutio
391 1322 539 1417 gloriam
571 1340 648 1392 non
678 1333 856 1395 tenerent.
914 1320 983 1393 Sed
1017 1343 1138 1414 neque
1164 1327 1286 1399 mulier

230 1422 406 1494 virtutem
439 1421 616 1513 pudicitia
648 1436 818 1512 caperet,
852 1420 877 1493 si
910 1442 1059 1513 peccare
1095 1444 1176 1496 non
1215 1427 1286 1517 pos·

107 1549 109 1554 ·
230 1515 296 1597 set.
353 1519 446 1593 Nam
478 1520 555 1610 quis
587 1532 725 1593 mutum
751 1520 875 1593 animal
901 1522 1068 1614 pudicum
1096 1520 1169 1594 effe
1196 1525 1284 1596 dixe·

230 1621 301 1713 rit,
327 1620 424 1713 quod
438 1618 702 1711 susceptofoetu
719 1620 802 1690 mari
821 1618 1032 1714 nepugnat?
1065 1621 1183 1717 Quod
1205 1625 1282 1696 ideo

231 1721 343 1812 facit,
369 1720 449 1811 quia
471 1716 610 1790 neceffe
632 1717 704 1807 est,
731 1719 766 1790 in
785 1719 949 1790 dolorem
969 1734 1074 1808 atque
1095 1721 1131 1792 in
1151 1727 1283 1814 pericu·

230 1823 305 1894 lum
317 1821 462 1909 veniat,
488 1815 713 1889 fiadmiserit.
762 1817 872 1889 Nulla
887 1819 994 1912 igitur
1011 1819 1088 1890 iaus
1112 1819 1187 1914 est,
1213 1843 1282 1895 nou

231 1920 373 2010 facere,
400 1916 497 2009 quod
513 1916 723 1988 facerenon
738 1916 853 2008 poffis.
901 1917 990 1989 ldeo
1010 1930 1131 1991 autem
1153 1922 1282 2012 pudici·

119 2064 122 2074 ·
232 2022 283 2092 tia
304 2018 341 2089 in
364 2018 511 2089 homine
532 2014 714 2106 laudatur,
742 2016 917 2105 quianon
941 2018 1112 2090 naturalis
1130 2019 1205 2113 est,
1230 2019 1282 2093 sed
1321 1975 1323 2076 Ι

230 2119 448 2191 voluntaria.
495 2114 677 2186 Servanda
697 2116 803 2209 igitur
824 2113 910 2186 fides
934 2116 977 2188 ab
1002 2131 1165 2208 utroque
1188 2121 1283 2193 alteri

115 2240 123 2268 ²
232 2215 305 2303 est3
332 2216 405 2287 imo
426 2217 593 2305 exemplo
614 2214 845 2285 continentiae
866 2214 1028 2286 docenda
1045 2238 1169 2311 uxor,
1197 2236 1237 2292 ut
1253 2219 1283 2293 se

231 2316 325 2388 caste
342 2327 451 2410 gerat.
503 2307 665 2406 iniquum
685 2312 735 2383 est
753 2316 869 2404 enim,
896 2328 937 2384 ut
959 2315 994 2384 id
1019 2316 1165 2410 exigas,
1192 2319 1281 2409 quod

230 2409 394 2512 praestare
415 2411 486 2504 ipse
505 2434 579 2483 non
602 2411 716 2502 poffis.
777 2415 866 2508 Quae
884 2413 1046 2503 iniquitas
1065 2414 1193 2488 effecit
1206 2439 1281 2509 pro·

230 2513 352 2606 feno,
378 2529 419 2584 ut
441 2511 550 2583 etiem
575 2507 765 2598 adulteria,
792 2511 941 2582 foeminis
960 2534 1049 2606 aegre
1070 2514 1282 2609 ferentibus,

232 2614 395 2709 praestare
420 2610 453 2683 se
481 2608 585 2683 ficiem
607 2632 682 2682 non
707 2611 957 2681 exhibentibus
982 2626 1142 2685 mutuam
1165 2619 1284 2688 carita·
1321 2611 1323 2628 '

231 2729 317 2787 tem.
370 2712 535 2800 Denique
563 2712 658 2782 nulla
683 2709 733 2781 est
761 2727 830 2782 tam
856 2709 985 2800 perditi
1010 2712 1161 2804 pudoris
1192 2716 1285 2788 adul-

230 2827 327 2901 tera,
360 2833 435 2901 qum
451 2831 524 2881 non
542 2810 633 2881 hanc
647 2807 780 2879 causam
798 2811 893 2880 vitiis
911 2809 975 2881 suis
990 2814 1213 2902 praetendam
1240 2820 1287 2888 in·

228 2912 356 3008 juriam
381 2907 415 2980 se
437 2910 621 2999 peccando
638 2908 870 3000 nonfacere,
898 2906 955 2980 sed
971 2910 1118 2985 referre.
1177 2916 1286 3014 Quod

231 3012 369 3107 optime
392 3008 630 3104 Quintilianus
656 3008 838 3099 expreiiit:
875 3008 1022 3097 Homo,
1054 3010 1196 3105 inquit,
1229 3038 1287 3087 ne·

230 3133 301 3205 que
326 3110 428 3181 aliem
453 3109 668 3180 matrimonii
693 3108 899 3200 abstinens,
933 3129 1050 3196 neque
1074 3111 1123 3180 sui
1150 3114 1286 3209 custos,

230 3232 309 3304 quae
329 3212 421 3280 inter
441 3204 617 3278 senatum
639 3227 804 3277 connexa
827 3204 915 3279 sunt.
966 3206 1060 3279 Nam
1082 3230 1203 3301 neque
1220 3238 1287 3286 ma·

229 3312 320 3383 ritus
344 3308 438 3379 circa
459 3304 736 3397 corrumpendas
763 3307 912 3377 aliorum
937 3308 1106 3401 conjuges
1128 3331 1286 3407 occupa·

229 3425 288 3483 tus
305 3406 569 3501 potestvacate
586 3404 786 3477 domesticae
802 3403 993 3492 saneiitati3
1021 3406 1054 3476 &
1071 3427 1188 3501 uxor,
1208 3435 1286 3488 cum

228 3512 267 3587 in
281 3510 351 3579 tale
363 3506 488 3577 incidit
503 3504 787 3595 matrimonium,
815 3506 980 3597 exemplo
993 3503 1069 3598 ipso
1086 3513 1285 3606 concitata,

230 3622 292 3683 aut
307 3605 434 3679 imitati
450 3603 485 3675 se
501 3615 626 3695 putat,
653 3616 714 3674 aut
732 3603 916 3677 vindicari.

306 3703 514 3777 Cavendum
530 3703 658 3798 igitur,
684 3722 730 3773 ne
747 3702 970 3776 occasionem
984 3704 1081 3777 vitiis
1097 3704 1285 3800 nostraiin·

229 3804 464 3899 temperantia
496 3803 641 3887 demus:
674 3798 732 3876 sod
765 3799 956 3875 affuescant
981 3804 1136 3877 invicem
1164 3829 1285 3884 mores

229 3908 403 3995 duorum,
430 3904 596 3999 &jugum
609 3899 752 3994 paribus
769 3901 890 3975 animis
907 3902 1035 3977 ferant.
1088 3904 1172 3976 Nos
1191 3908 1285 4000 ipsos

112 4067 115 4078 ,
227 4007 268 4081 in
302 4007 417 4083 altero
450 4004 661 4101 cogitemus'.·
722 4000 818 4077 Nam
848 4022 937 4077 vere
969 4002 1007 4079 in
1040 4003 1113 4077 hoc
1142 4006 1285 4096 J'ustitiae

155 4143 233 4233 ἱ
1102 4101 1238 4183 summa
