2825 4709
222 347 227 354 ’
293 349 444 454 trare·
463 371 591 475 ligne
618 378 829 493 Ome-rue
851 373 1066 459 error-ra.
1157 396 1205 478 pr

125 533 242 612 'enim
259 536 369 630 usque
385 538 428 611 ad
442 537 676 634 senestutem,
697 541 1207 639 regnumquepermanusfilio

142 638 303 714 tradidit.
352 644 391 711 ln
408 660 454 711 eo
471 642 598 734 igitur,
626 644 707 733 quia
721 644 886 716 homines
904 640 1080 740 sacrilegia
1094 647 1207 719 vindi·

144 758 228 811 care
244 760 320 811 non
338 752 527 831 poterant,
554 742 721 833 oportuit
743 742 845 815 Deos
867 742 961 835 ipsos
979 741 1028 816 sui
1044 746 1204 820 vindicer
1262 758 1264 763 ’
1310 771 1314 777 ·

142 838 226 912 elle.
253 837 343 910 Atsr
363 838 500 912 humilis
518 842 687 931 quispiam
702 842 774 914 tale
789 842 871 932 quid
889 831 1205 935 commiserit,huit

141 937 273 1033 praesto
292 936 372 1009 sunl
389 937 550 1033 flagella,
575 942 698 1035 ignea,
725 942 860 1032 eculei,
887 962 1034 1035 cruces,
1061 943 1205 1036 &quid-

145 1038 231 1129 quid
253 1038 462 1134 excogitare
486 1038 583 1112 iratis
608 1061 649 1111 ac
666 1039 869 1116 furentibus
889 1043 986 1117 licet.
1037 1042 1105 1116 Sed
1123 1067 1204 1120 cum
1300 1045 1305 1054 ’

144 1139 301 1231 puniunt
317 1136 554 1228 deprehensos
570 1139 605 1211 in
620 1137 815 1237 sacrilegio,
828 1141 888 1232 ipsi
898 1142 941 1232 de
952 1142 1114 1217 Deorum
1125 1144 1205 1218 suo·-

143 1235 592 1331 rumpotestatediffidunt.
620 1236 694 1310 Cur
709 1243 801 1313 enim
817 1242 884 1313 illis
899 1242 1109 1333 potiffimum
1124 1265 1202 1320 non

144 1338 349 1428 relinquant
364 1336 551 1410 ulciscendi
567 1335 615 1408 sui
631 1339 800 1429 lotum,sr
816 1360 880 1411 eos
896 1340 996 1433 polle
1011 1344 1139 1432 aliquid
1150 1364 1202 1418 ar·

143 1436 349 1509 bitrantur?
376 1439 475 1531 Quin
488 1436 593 1509 etiam
607 1452 735 1528 putant
748 1438 892 1509 illorum
905 1440 1049 1511 numine
1063 1443 1202 1519 accidis·

147 1533 204 1626 se,
231 1550 272 1607 ut
289 1536 476 1629 praedones
493 1556 610 1607 rerum
626 1532 798 1610 sacrarum
816 1536 1020 1629 deprehenfi
1040 1547 1203 1616 teneren-

146 1648 223 1708 tur:
250 1634 284 1707 u
302 1633 452 1708 seviunt
467 1655 543 1707 non
559 1649 629 1707 tam
647 1637 710 1721 ira,
728 1655 829 1727 quam
846 1650 964 1732 metu,
991 1656 1037 1711 ne
1056 1638 1082 1711 si
1103 1639 1203 1734 Deo·
1238 1661 1246 1680 ·’

132 1733 393 1825 ‘r'uminjuriam
403 1756 477 1807 non
489 1735 767 1825 vindicaverint,
778 1736 788 1806 i
791 1733 872 1828 psds
887 1750 1058 1829 expetant
1070 1759 1200 1830 poenaeq

144 1835 347 1908 incredibili
363 1833 675 1922 scilicetvanitate,
685 1837 744 1929 qui
756 1836 948 1909 nocituros
959 1836 1018 1911 fibi
1028 1836 1202 1930 Deospu-

145 1946 229 2006 tent
244 1937 293 2007 ob
310 1934 422 2007 aliena
435 1933 585 2024 scelera,
611 1935 670 2025 qui
684 1934 784 2028 iplis,
810 1935 970 2027 aquibus
987 1936 1202 2034 violatispo·
1300 1943 1309 1958 ³

144 2034 294 2124 liatiqoe
312 2034 412 2122 sunt,
438 2032 502 2126 per
520 2030 649 2125 seipsos
665 2034 752 2107 nihil
767 2054 901 2110 nocere
918 2051 1128 2127 potuerunt.
1148 2037 1210 2112 At'

146 2135 243 2208 enim
269 2132 357 2226 sepe
376 2133 437 2224 ipsr
459 2153 604 2223 quoque
628 2134 664 2204 in
690 2131 879 2229 sacrilegos
905 2127 1200 2213 vindicaverunt:

145 2231 268 2330 potest
280 2234 316 2305 id
335 2227 395 2330 iel
412 2230 491 2305 casu
507 2230 680 2323 accidisse,
698 2235 796 2325 quod
812 2235 1015 2325 aliquando,
1026 2256 1103 2308 non
1118 2236 1202 2312 sem·
1246 2239 1254 2250 '

147 2354 226 2429 per.
277 2332 346 2405 Sed
359 2348 478 2405 tamen
492 2334 600 2425 paulo
616 2330 717 2424 post,
743 2334 930 2425 quomodo
951 2332 987 2404 id
1012 2336 1201 2428 acciderit,

149 2431 345 2506 ostendam.
381 2431 417 2503 N
420 2452 490 2502 unc
504 2434 645 2503 interim
662 2452 803 2524 quero,
831 2452 894 2504 cur
909 2432 959 2505 illi
976 2443 1036 2503 tot
1055 2432 1203 2508 &tanta

147 2530 327 2626 sacrilegia
341 2533 377 2603 in
392 2531 575 2632 pionysro
588 2550 664 2604 non
680 2531 972 2619 vindicaverunt,
980 2532 1122 2621 quinon
1131 2532 1202 2604 sur-

138 2644 241 2722 tum,
260 2630 318 2703 sed
335 2632 448 2722 palam
467 2628 568 2702 Deos
584 2629 740 2701 ludibrio
754 2626 904 2703 habuit?
932 2627 1004 2701 Cur
1018 2628 1114 2704 hunc
1129 2644 1201 2707 tam

146 2722 338 2827 potentem
352 2728 557 2822 sacrilegum
577 2750 597 2799 a
614 2730 776 2820 templis,
794 2751 814 2801 a
830 2729 1048 2812 cerimoniis,
1062 2730 1105 2802 ab
1118 2731 1202 2806 ima*-
1274 2727 1278 2740 '

148 2832 294 2929 ginibur
312 2829 378 2902 suis
401 2849 478 2900 non
501 2827 718 2901 arcuerunt?
746 2827 819 2902 cm
842 2830 952 2904 etiarn
970 2826 1073 2904 sacris
1095 2833 1201 2906 rebus

148 2931 299 3019 ablatis,
321 2927 491 3021 prospere
505 2925 721 3022 navigavit?
741 2927 839 3021 quod
856 2929 947 3020 joco
966 2926 1038 3020 ipse
1054 2930 1202 3005 testatus

147 3028 224 3118 est,
248 3043 291 3100 ut
307 3024 455 3118 solebat.
480 3027 691 3119 Videtisne,
717 3026 1204 3119 inquitcomltibussuisnau·

148 3127 300 3225 fragium
322 3115 548 3217 timentibus,
577 3147 678 3224 quam
694 3124 862 3221 prospera
874 3124 1048 3222 sacrilegis
1062 3129 1205 3225 naviga·

145 3230 205 3302 tio
225 3229 268 3301 ab
284 3226 363 3315 ips1s
379 3226 456 3299 Diis
471 3226 729 3300 immortalibus
745 3226 949 3300 tribuatur?
974 3225 1044 3300 Sed
1051 3227 1116 3301 -bic
1129 3227 1203 3300 sor·

146 3326 237 3403 tasse
254 3348 274 3396 a
292 3325 441 3397 Platone
457 3324 646 3420 didicerat,
672 3325 775 3400 Deos
788 3325 877 3400 nihil
889 3324 970 3402 elle.
1042 3337 1045 3342 ’

226 3425 325 3526 Quid
342 3422 446 3517 Cajus
463 3424 624 3499 Verres?
650 3445 755 3517 quem
767 3423 802 3501 Τ
804 3424 908 3497 ullius
929 3421 1114 3497 accusator
1129 3426 1205 3517 ejus

152 3525 268 3601 eidem
288 3523 487 3616 llionysro,
514 3524 547 3597 bt
573 3523 766 3615 Phalaridi,
793 3524 827 3598 u
853 3526 1014 3619 tyrannis
1040 3524 1230 3597 omnibua

154 3637 351 3718 comparat
378 3622 513 3695 Nonne
523 3644 663 3698 omnem
675 3622 826 3695 Siciliam
837 3623 1206 3717 compilavitsublatie

150 3724 318 3800 Deorum
335 3722 546 3814 simulacris,
570 3723 861 3813 ornamentisque
874 3720 1066 3820 fanorum?
1100 3722 1216 3796 Orio·-

153 3824 226 3900 sum
243 3822 294 3896 est
312 3820 471 3914 persequi
486 3820 627 3915 singula.
671 3820 793 3894 Unum
806 3821 895 3894 libet
911 3823 1207 3904 commemorare,
1226 3873 1229 3882 ·

153 3919 282 4017 inquo
303 3920 488 3995 accusator
509 3922 673 3998 omnibus
691 3921 905 4014 eloquentiae
926 3923 1080 4011 viribus,
1098 3921 1207 3997 ¹omni
1291 3953 1294 3962 ·

152 4024 307 4119 denique
324 4033 460 4099 conatu
477 4022 582 4098 vocia
596 4022 631 4096 br
645 4021 811 4117 corporis
825 4020 1123 4119 depromitque
1140 4019 1207 4096 Ce-

829 4137 833 4144 ·
1078 4140 1159 4197 rere
