2825 4709
359 303 515 388 Lraaa
538 303 614 387 Vl.
638 328 701 385 ua
725 299 856 387 urae
882 269 1075 389 Ct'rtruss¹
1167 315 1243 408 4²³

112 465 120 538 l
184 482 227 545 ut
244 471 378 564 alatur,
405 471 540 544 addixit
555 486 653 546 certe
669 470 871 570 sanguinem
886 470 1006 567 suum,
1033 471 1094 546 uel
1111 463 1157 568 ad
1171 474 1241 548 ser·

122 562 130 584 ‘
182 575 360 663 vitutem,
384 574 445 643 vel
465 572 508 643 ad
533 574 690 665 lupanar.
744 576 836 667 Quae
857 589 974 646 autem
1000 572 1149 667 potiint,
1175 573 1241 648 vel

181 669 321 744 soleant
346 671 508 744 accidere
528 671 564 744 in
585 686 742 764 utroque
761 670 845 746 sexu
863 693 927 764 per
947 692 1134 764 errorem,
1159 674 1239 764 quis

180 790 256 842 non
273 768 463 865 intelligit?
497 773 574 863 quis
591 769 761 867 ignorat?
795 772 906 870 Quod
925 773 985 844 vel
1004 774 1107 844 unius
1127 771 1239 846 Oedi·
1312 838 1316 842 .

179 869 286 960 podis
307 869 464 941 declarat
482 874 703 964 exemplum,
731 872 861 963 duplici
881 871 1014 944 scelere
1034 869 1235 950 confusum.

179 966 271 1044 Tam
287 970 392 1064 igitur
407 970 579 1043 nefarium
597 970 648 1044 est
663 977 870 1063 exponere,
888 992 991 1064 quam
1008 992 1149 1045 necare.
1182 974 1236 1046 At

180 1068 273 1142 enim
301 1068 483 1161 parricidae
510 1070 718 1144 facultatum
743 1069 915 1165 angustias
939 1067 1212 1162 conqueruntur
1218 1093 1236 1167 3

178 1187 248 1239 nec
269 1166 303 1239 se
321 1170 480 1259 pluribus
506 1172 626 1243 liberis
645 1171 836 1266 educandis
852 1166 1009 1256 sufficere
1030 1165 1131 1263 polle
1144 1189 1233 1264 pre·

178 1268 349 1340 tendunt:
376 1269 469 1360 quast
496 1290 588 1342 vero
616 1284 677 1341 aut
695 1270 884 1342 facultates
908 1272 944 1342 in
964 1267 1146 1363 potestate
1164 1268 1233 1344 srnt

176 1366 449 1459 poffidentium‚
485 1382 546 1440 aut
573 1390 648 1441 non
675 1369 836 1461 quotidie
861 1368 959 1440 Deus
987 1389 1033 1442 ex
1052 1369 1232 1454 ,divitibus

174 1486 372 1558 pauperes,
399 1467 433 1539 δι
454 1488 500 1539 ex
520 1468 734 1561 pauperibus
753 1467 883 1540 divites
900 1468 1019 1544 saciat.
1070 1469 1193 1567 Quare
1205 1466 1236 1542 sr'

176 1566 253 1655 quis
275 1567 407 1639 liberos
429 1566 478 1638 ob
498 1569 703 1661 pauperiem
722 1588 798 1640 non
819 1569 956 1661 poterit
978 1566 1156 1659 educare,
1181 1564 1231 1642 sa-

173 1665 244 1735 tius
271 1664 349 1756 est,
388 1680 429 1737 ut
457 1664 491 1740 se
517 1668 560 1740 ab
585 1669 710 1739 uxoris
736 1667 983 1762 congrelltone
1015 1664 1228 1761 contineat,

174 1783 277 1856 quam
293 1762 469 1838 sceleratis
488 1767 650 1840 manibus
671 1767 739 1839 Dei
759 1785 871 1860 opera
887 1779 1104 1859 corrumpat.

246 1862 345 1956 Ergo
365 1864 390 1937 ss
409 1867 638 1938 homicidium
655 1866 771 1940 facere
783 1867 884 1939 nullo
898 1866 1009 1938 modo
1024 1866 1130 1958 licet,
1155 1879 1229 1939 nec'

171 1962 336 2034 interesse
359 1964 509 2036 omnino
530 1966 772 2056 conceditur,
804 1986 852 2037 ne
876 1963 1129 2039 conscientiam
1146 1983 1227 2057 per·

172 2060 298 2132 fundat
313 2062 405 2134 ullus
421 2083 548 2135 cruor:
573 2064 740 2155 siquidem
757 2066 895 2156 populo
912 2061 1046 2161 sanguia
1060 2064 1122 2138 ille
1139 2084 1226 2159 prae.
1302 2069 1304 2074 '

170 2158 291 2233 statur.
341 2159 383 2233 ln
404 2159 515 2234 scenis
532 2183 677 2254 quoque
695 2161 816 2236 nescio
836 2184 880 2235 an
893 2162 936 2235 iit
950 2166 1157 2255 corruptela
1171 2162 1250 2234 vi-·

170 2259 308 2333 tioiror.
359 2259 453 2335 Nam
471 2262 504 2335 u
521 2266 668 2335 comica
690 2261 819 2335 fabule
837 2261 882 2334 de
900 2259 1027 2356 stupris
1045 2260 1229 2358 virginum

169 2360 388 2449 loquuntur,
414 2376 475 2435 aut
488 2366 667 2434 amoribus
687 2362 941 2448 meretricum
967 2360 1002 2433 dt
1021 2379 1094 2451 quo
1113 2359 1223 2456 magis

170 2457 250 2530 sunt
268 2461 503 2550 eloquentes,
538 2462 596 2552 qui
616 2460 749 2556 flagitia
771 2460 831 2532 illa
849 2456 1055 2553 finxerunt,
1087 2478 1134 2531 eo
1150 2480 1223 2533 ma·

169 2558 221 2652 gis
244 2557 495 2631 sententiarum
518 2561 692 2655 elegantia
708 2557 937 2653 persuadent,
965 2556 1150 2631 &facilius
1168 2557 1222 2633 iu·
1263 2647 1265 2652 ¹

168 2657 304 2729 haerent
326 2655 541 2732 audientium
566 2659 747 2732 memoriae
766 2655 888 2728 versus
910 2656 1086 2731 numerosa
1106 2659 1141 2730 dt
1162 2675 1221 2731 ot-

168 2756 253 2830 nati.
304 2755 393 2827 ltem
413 2760 556 2852 tragicae
571 2757 725 2831 historiae
742 2755 930 2850 subjiciunt
945 2758 1060 2828 oculis
1073 2753 1227 2851 patrici&

169 2854 247 2944 dia,
273 2853 459 2929 &incesta
481 2865 603 2955 regum
625 2859 823 2948 malorum,
857 2856 891 2929 u
913 2856 1128 2930 cothurnata
1148 2856 1220 2930 sce·

167 2954 242 3024 iera
267 2954 518 3033 demonstrant.
578 2955 798 3030 Histrionum
824 2975 968 3047 quoque
993 2952 1231 3047 impudentis

168 3051 241 3125 suni
267 3070 387 3127 motus
409 3056 493 3147 quid
519 3057 633 3147 aliud,
665 3055 727 3128 nisr
750 3053 912 3128 libidines
936 3055 971 3127 δι’
993 3055 1149 3145 docent,
1171 3053 1218 3148 ⁸&

166 3150 358 3247 instigant?
398 3165 553 3246 quorum
575 3167 747 3229 enervata
770 3175 948 3246 corpora,
980 3153 1073 3225 &in
1093 3152 1217 3226 mulie·

167 3253 267 3324 brem
284 3250 450 3327 incessum
466 3254 693 3346 habitumque
714 3253 872 3344 mollita,
897 3251 1090 3344 impudicas
1105 3250 1217 3325 foemi·

167 3369 233 3422 nas
255 3352 448 3425 inhonestis
469 3352 621 3448 gestibus
641 3355 872 3426 mentiuntur.
923 3350 1021 3448 Quid
1039 3350 1083 3423 de
1100 3351 1215 3424 mimis

167 3453 295 3541 loquat
308 3455 590 3547 corruptelarum
606 3453 876 3546 preferentibus
889 3447 1127 3543 disciplinam?
1154 3449 1216 3540 qui

167 3550 306 3622 docent'
320 3549 513 3645 adulteria,
537 3565 613 3627 tum
630 3549 789 3649 fingunt,
815 3551 849 3624 dt
864 3550 1028 3624 intratis
1047 3546 1216 3622 erudiunt

167 3650 211 3721 ad
236 3647 350 3721 veras
385 3650 481 3747 Quid
505 3652 659 3744 juvenes
687 3664 749 3723 aut
771 3650 928 3744 virgines
954 3648 1104 3739 faciant,
1131 3668 1214 3728 cum

165 3749 242 3822 haec
258 3748 291 3821 u
305 3745 382 3821 fieri
398 3748 469 3822 fine
484 3752 644 3843 pudore,
671 3748 863 3844 &spetiari
874 3750 1026 3822 libenter
1042 3748 1085 3820 ab
1100 3747 1214 3820 omni·

165 3849 231 3936 bus
259 3847 438 3922 cernunt?
470 3845 724 3928 Admonentur
745 3850 868 3941 utique
890 3847 975 3940 quid
997 3842 1220 3942 facere-pos·-

165 3935 782 4124 smt,'&intlammannu·lib1i;i{¹ne,
807 3965 884 4042 que
905 3944 1267 4169 aspellucpi*

224 4065 241 4076 ”
734 4070 773 4138 =4
1091 4135 1095 4140 .
