2825 4709
173 335 177 341 -
280 355 282 362 -
304 337 607 470 „mg-114„
629 309 840 465 oerum
863 333 1080 436 exiemu-
1119 303 1121 310 ’
1152 365 1223 447 ru

262 504 390 615 Quippe
414 507 477 581 ubi'
492 509 669 604 temperiem
690 507 844 606 sumpsere
868 503 1050 614 iamneque
1068 513 1221 612 calorque,

180 687 184 696 ¹
258 611 472 705 concipiunt,
499 607 539 698 όῙ
564 612 601 681 nb
616 614 683 692 ⁴iris
700 610 992 704 oriunturujuuiiu
1017 611 1151 684 duobus:
1170 627 1173 632 '

263 709 399 808 Curiique
411 712 456 807 fit
474 716 553 806 ignis
573 738 657 809 nquae
669 734 815 812 pugnax,
835 732 934 807 vapor
949 710 1099 782 humidus
1114 737 1219 785 omnes

261 805 450 895 Rei-ciani,
474 808 515 888 dt
529 812 649 899 ¹discors
666 815 838 883 'concordio
857 809 992 902 sanim
1013 829 1092 906 upra
1119 812 1170 908 ιβ.
1227 841 1248 856 ··

155 902 326 982 Alterum
345 912 436 983 enim
453 911 543 1001 quast
559 910 786 996 masculinum
803 912 1016 984 elementum
1034 910 1103 1001 est,
1130 913 1216 986 alte·

155 1023 237 1080 rum
256 1007 346 1100 quasi
361 1009 601 1098 femininum
627 1014 777 1084 aiterum
795 1011 964 1101 atinum,
988 1013 1140 1085 'aiterum
1155 1031 1215 1105 pa·

156 1107 270 1206 tiniie,
295 1143 297 1150 ·
322 1109 514 1202 ideoquea
531 1112 712 1184 veteribus
727 1110 929 1183 institutum·
944 1109 1010 1195 est,
1038 1127 1078 1182 ut
1105 1109 1214 1184 sacra·

153 1205 1213 1303 meneoignienaquaenupuammfederasanciantur‚quod

100 1369 102 1378 .
153 1303 262 1385 fetus
276 1299 503 1382 animantium
521 1312 642 1381 calore
658 1312 691 1382 dt
706 1311 856 1384 humore
875 1326 1134 1406 corporentur,
1160 1324 1212 1383 at·

153 1408 501 1498 queanimenturad
521 1411 663 1481 vitam·
760 1455 763 1460 -
859 1438 861 1442 >
982 1449 1023 1470 ω
1134 1467 1139 1474 .

232 1503 322 1579 Cum
343 1508 436 1580 enim
450 1506 599 1580 'constet
621 1527 731 1581 omne
746 1507 871 1581 animal
889 1527 934 1579 ex
949 1508 1060 1579 anima
1080 1507 1112 1581 dt
1129 1527 1212 1582 cor·

154 1624 271 1697 pore,
297 1610 444 1679 materia
460 1607 623 1699 corporis
644 1607 679 1679 in
700 1605 937 1699 honorent,
963 1607 1085 1680 animae
1102 1611 1138 1679 in
1156 1628 1210 1679 ca·

154 1704 254 1778 lorer
281 1706 377 1796 quod
396 1729 440 1784 ex
460 1707 578 1781 evium
594 1706 737 1778 ioetibus
753 1708 855 1778 datur
873 1704 979 1797 scire,
1007 1726 1098 1797 qnos
1115 1707 1211 1782 craiii

153 1802 315 1877 humoris
333 1808 460 1903 plenos
474 1806 535 1879 uisi
553 1805 677 1900 opifex
692 1809 791 1879 eeior
808 1805 965 1890 foverit,
984 1828 1060 1877 nec
1080 1807 1210 1879 humor

149 1902 274 2000 potest
289 1905 496 1999 corporari,
521 1926 589 1979 nec
604 1926 736 1997 corpus
754 1906 908 1982 animari.
936 1902 1106 1977 Exniibus
1122 1926 1210 1997 quo·

152 2022 224 2093 que
240 2005 329 2100 ignis
348 2003 381 2076 dr
400 2025 488 2096 aqua
504 2005 665 2078 interdici
682 2004 836 2077 ioiebat:
860 2004 977 2086 adhuc
995 2008 1088 2079 enim
1108 2007 1209 2079 vide·

149 2100 257 2175 batur
279 2102 399 2186 nefas,
427 2105 588 2204 quamvis
608 2108 740 2196 maios,
768 2091 1061 2178 tameniromines
1079 2103 1208 2199 suppli·

150 2201 345 2296 ciocapitis
357 2202 506 2279 afficere.
534 2203 726 2277 interdiiio
742 2204 847 2300 igitur
860 2204 921 2275 usu
937 2212 1056 2277 earum
1071 2222 1205 2298 rerum,

149 2301 279 2391 quibus
297 2304 372 2375 vita
391 2302 531 2377 constat
548 2299 754 2396 hominum,
786 2302 1206 2395 perindehabebatur,ao

148 2397 284 2490 finiet,
292 2405 349 2492 qui
370 2425 444 2477 eam
462 2402 668 2477 seutentiam
684 2416 886 2497 exceperat,
899 2403 1206 2479 mortemuitatus.
1259 2415 1275 2482 “,

149 2499 259 2571 Adeo
274 2500 335 2573 ista
351 2503 424 2574 duo
444 2505 620 2574 elementa
636 2503 747 2594 prima
763 2501 842 2573 sunt
862 2495 1131 2590 habita‚11t·nee
1148 2519 1205 2571 or·

146 2599 478 2688 tumhominis‚nec
493 2601 564 2673 tine
577 2602 630 2672 his
648 2602 758 2676 vitam
775 2598 990 2671 crediderint
1006 2595 1205 2691 poiiecon·

147 2696 252 2776 stare.
285 2699 425 2775 Horum
443 2702 590 2772 aiterum
607 2701 712 2772 nobie
730 2719 918 2776 commune
933 2697 983 2772 est
1002 2719 1081 2772 cum
1100 2705 1212 2772 caete·'
1284 2707 1302 2788 ,’

146 2795 196 2869 ris
223 2801 479 2891 animantibus,
505 2801 654 2872 aiterum
680 2795 744 2872 soii
771 2798 907 2871 homiui
922 2798 1064 2886 datum.
1100 2795 1200 2872 -Nos

145 2897 242 2970 enim
260 2894 426 2989 quoniam
442 2899 581 2971 coeieiie
600 2914 706 2990 atque
721 2899 921 2972 immortale
936 2900 1060 2972 animai
1072 2895 1202 2992 snmus,

143 2995 229 3091 igne
247 2998 396 3088 utimur,
414 3001 472 3091 qui
490 3000 649 3071 nobiein
668 3010 912 3093 argumentum
926 2998 1202 3071 immortalitatis

144 3093 251 3168 datus
268 3096 337 3189 est,
365 3102 529 3189 quoniam
558 3099 647 3194 ignis
674 3121 694 3172 e
720 3098 812 3169 coelo
835 3094 906 3182 esta
933 3097 1032 3187 ‘cttjus
1059 3109 1200 3187 natura,
1253 3140 1254 3144 =

144 3197 230 3286 quia
244 3199 384 3270 mobilis
401 3197 471 3289 est,
498 3196 676 3271 &ursum
697 3199 843 3285 nititur,
864 3196 950 3266 vitae
970 3195 1199 3266 continetra-
1253 3205 1258 3214 “

141 3297 294 3371 tionem.
346 3294 483 3369 Cetera
504 3317 593 3369 vero
613 3298 791 3387 animalia,
818 3295 1091 3385 quoniamtota
1116 3291 1201 3398 ihnt'

139 3398 332 3486 mortalia,
358 3395 609 3470 tantummodo
628 3408 901 3487 aquantuntur‚
928 3392 1025 3485 quod
1049 3391 1099 3465 est
1127 3391 1197 3464 eie·

140 3509 301 3567 mentum
316 3497 505 3587 corporale
521 3510 627 3585 atque
640 3512 831 3569 terrenum.
859 3490 1197 3590 Cuiusnaturegfquia
1265 3523 1273 3541 =

138 3596 286 3669 mobilis
305 3593 369 3686 est,
379 3616 420 3666 ac
435 3594 596 3668 deorsum
612 3590 1069 3691 vergene,iigt1remmortis
1079 3588 1194 3663 osten·

140 3693 206 3767 dit.
238 3694 325 3767 ideo
342 3694 495 3787 pecudes
512 3713 628 3784 neque
644 3695 680 3769 in
697 3696 823 3766 eoeium
840 3688 1049 3784 suspiciunt,
1076 3709 1194 3780 neque
1229 3750 1232 3754 .

138 3793 333 3888 religiones
351 3792 518 3883 sentiunt,
532 3793 698 3882 quoniam
717 3794 832 3866 abhis
852 3788 930 3863 usus
950 3791 1038 3885 ignis
1057 3791 1192 3861 alienus
1263 3867 1266 3871 ,

138 3891 203 3967 est.
236 3894 343 3968 Unde
358 3908 500 3981 autem,
524 3892 584 3970 vei
603 3892 788 3983 quomodo
803 3890 903 3963 Deus
918 3891 993 3968 haec
1009 3889 1081 3962 duo
1098 3888 1192 3983 prin·

140 3993 281 4083 opalia,
303 3995 418 4089 ignem
437 3990 616 4081 &aquam
630 3994 690 4063 vei
707 3990 922 4094 accenderit,
940 3989 1190 4081 veleiiquave·

137 4091 208 4186 rit,
233 4092 329 4171 solue
345 4093 432 4170 scite
441 4087 579 4189 potest,
597 4091 655 4185 qni
674 4090 775 4200 fecie
1090 4119 1189 4260 Q·
1233 4103 1236 4108 ’
