2825 4709
146 287 150 302 ⁴
294 343 420 432 lm
442 273 583 444 llL'n'a
606 303 724 444 rarae
746 342 924 428 Sum·
946 321 1098 444 ΜΟΟ·
1147 289 1261 470 ΙΜΕΝ

165 508 284 610 glunic
300 525 400 590 certe
415 505 496 583 sunt
510 508 683 601 expertia.
710 501 883 600 Equidem
902 505 951 580 fic
964 509 1133 600 arbitror,
1144 511 1223 586 uni·

164 608 274 686 verne
289 610 524 686 animantibus
540 603 740 694 datamelre
753 607 945 707 rationem,
957 605 1016 680 sed
1029 610 1135 682 mutis
1147 623 1223 686 tarr·

134 711 136 716 '
163 709 352 783 momodo
371 707 543 782 advitam
556 705 742 796 tuendum,
756 705 894 780 homini
909 709 1016 781 etiarn
1032 706 1076 780 ad
1091 727 1222 802 propa·

161 808 321 908 gandam,
355 804 403 880 Et
416 806 497 902 quia
512 807 552 882 in
567 806 714 884 homine
726 803 797 900 ipsa
809 806 903 880 ratio
917 806 1075 902 perfetta
1088 804 1151 899 est,
1171 807 1220 881 sa.

159 906 295 999 pientia
320 905 543 980 nominatur:
569 925 646 1000 quae
667 905 704 980 in
718 905 792 980 hoc
812 906 980 980 eximium
1000 903 1087 980 facit
1102 907 1219 982 homi·

97 1011 101 1022 '
158 1024 265 1092 nem,
288 1005 385 1097 quod
401 1003 599 1104 solidatum
616 1003 667 1080 est
680 1007 881 1102 intelligere
900 1005 1032 1094 divina.
1066 1009 1150 1101 Qua
1169 1005 1218 1082 de

156 1122 201 1178 re
218 1102 403 1181 Ciceronis
422 1125 509 1180 vera
525 1101 576 1180 est
589 1101 781 1182 sententia:
806 1102 899 1195 „Ex
918 1119 991 1198 tot,
1009 1106 1138 1198 inquit,
1154 1127 1216 1206 ge·

156 1204 339 1297 „neribus
360 1204 494 1294 nullum
516 1203 567 1288 est
587 1205 715 1299 animal
733 1220 861 1298 preter
877 1207 1086 1304 homiuem,
1113 1201 1217 1298 quod

155 1351 184 1395 „
194 1301 323 1380 habeat
338 1304 505 1378 notitiam
518 1303 668 1394 aliquam
683 1303 776 1391 Dei3
801 1305 1211 1398 ipsrsqneinbuminibua

154 1402 288 1495 „nulla
304 1423 390 1499 gens
404 1401 476 1495 est,
500 1423 618 1491 neque
635 1417 706 1476 tarn
720 1401 969 1492 immansueta,
993 1403 1113 1494 neque
1137 1420 1212 1480 turn

154 1500 290 1593 „fera,
315 1521 393 1594 quae
405 1522 501 1594 nnn,
527 1500 659 1575 etiamsr
672 1502 834 1597 ignoret,
861 1501 999 1594 qualem
1015 1501 1133 1574 Deum
1151 1503 1217 1580 ha·.

152 1600 266 1693 „beri
283 1599 427 1686 deceat,
452 1615 573 1675 tamen
587 1599 788 1676 habendum
803 1599 936 1693 sciat„
969 1597 1026 1674 Ex
1045 1621 1118 1691 qno
1138 1597 1211 1676 effi·

154 1697 269 1781 citur,
294 1712 336 1774 ut
355 1701 383 1774 is
398 1698 566 1796 agnoscat
582 1698 726 1794 Deum,
752 1701 825 1794 qui,
835 1701 930 1776 unde
938 1713 1041 1800 ortus
1052 1700 1107 1790 srr,
1115 1701 1212 1793 quali

150 1798 377 1875 recordetur.
403 1801 478 1895 Qui
492 1819 581 1895 ergo
595 1797 799 1892 philosophi
818 1800 1210 1896 voluntanimosomni

151 1911 253 1972 metu
275 1898 446 1992 liberare,
471 1901 607 1972 tollunt
619 1899 726 1974 etiam
740 1899 989 1996 Religionem,
1016 1897 1050 1972 δι
1075 1901 1210 1974 orbant

151 1993 336 2072 hominem
354 1997 417 2070 suo
433 1998 585 2092 proprio
603 2019 644 2074 ac
659 1997 820 2094 ungulari
838 2002 963 2094 buno,
989 1998 1089 2092 quod
1110 1997 1162 2072 est
1185 2021 1210 2076 a

148 2093 433 2189 reelevivendo,
442 2109 548 2190 atque
563 2098 607 2174 ab
625 2097 724 2172 omni
738 2097 958 2174 humanitate
976 2097 1206 2190 disjunctum:
1252 2141 1257 2153 ·

149 2195 234 2286 quia
253 2194 374 2279 neue,
398 2210 441 2270 ut
462 2193 587 2272 cuneta
613 2197 775 2272 viventia
798 2195 949 2292 subjecit
968 2197 1130 2293 homini,
1156 2199 1205 2274 src

146 2290 260 2384 ipsum
281 2295 463 2370 bominem
484 2296 558 2374 fibi.
607 2295 702 2372 Nam
722 2295 895 2392 quidest,
920 2314 986 2370 cur
1009 2295 1116 2370 iidem
1141 2296 1206 2386 ipli

146 2391 341 2487 disputent,
355 2413 402 2469 eo
413 2395 628 2493 dirigendam
641 2394 890 2489 assumentem,
906 2415 980 2488 quo
992 2395 1113 2470 vultus
1127 2413 1206 2467 ere·

146 2489 224 2566 etus
240 2491 315 2566 esti
340 2492 376 2567 Si
393 2495 485 2570 enim
503 2496 610 2568 nobis
627 2496 665 2567 in
679 2496 806 2568 coelnm
824 2492 1046 2587 spectandum
1060 2492 1131 2574 est,
1159 2492 1204 2568 nd

144 2591 235 2668 nihil
252 2592 344 2668 aliud
360 2593 507 2685 utique,
535 2612 639 2686 quam
659 2593 709 2667 ob
725 2593 948 2689 religionem.
996 2590 1034 2665 Si
1057 2591 1201 2686 Religio
1241 2639 1249 2669 r

144 2692 309 2782 tollitur,
332 2693 430 2766 nulla
447 2690 552 2769 nohis
568 2693 671 2781 ratio,
682 2712 763 2767 cum
779 2692 867 2766 caelo
886 2689 947 2768 est.
998 2689 1122 2782 ltaque
1138 2702 1202 2766 aut

143 2811 192 2865 eo
209 2788 261 2865 est
275 2787 518 2884 speliendum,
545 2806 606 2867 aut
622 2793 658 2865 in
674 2805 804 2866 terram
818 2785 1136 2888 procumbendum
1155 2788 1200 2866 In

142 2903 278 2964 terram
294 2892 533 2983 procumbere
546 2913 606 2973 ne,
622 2890 648 2966 fi
665 2891 831 2973 velimus,
845 2890 985 2982 quidem
1002 2888 1199 2986 possumus,

144 3009 298 3082 quorum
312 2988 420 3066 status
435 2990 549 3065 relius
562 2989 623 3066 est.
654 2989 698 3063 In
713 2992 841 3064 coelum
854 2991 962 3088 igitur
974 2987 1199 3081 spectandum

141 3087 215 3178 est,
242 3110 314 3181 quo
330 3102 456 3164 natura
469 3092 634 3183 corporis
652 3105 847 3181 provocat.
884 3089 998 3190 Quod
1016 3088 1040 3163 sr
1055 3087 1197 3162 constat

138 3185 213 3272 else
226 3187 445 3280 laciendum,
471 3189 632 3264 antideo
647 3187 698 3262 est
713 3187 936 3280 laciendum,
960 3201 1002 3261 ut
1014 3187 1197 3278 Religioni

139 3285 355 3374 serviamus,
382 3304 442 3361 aut
465 3290 575 3384 ideo,
599 3302 641 3360 ut
662 3288 839 3363 rationem
859 3307 980 3361 rerum
1001 3283 1196 3366 coelestium

139 3385 409 3482 cognoscamus.
435 3386 504 3461 Sed
521 3389 698 3462 rationem
705 3407 825 3463 rerum
841 3383 1030 3462 celestium
1042 3379 1195 3480 cognus-

140 3505 226 3560 cere
241 3487 344 3558 nullo
361 3485 473 3560 modo
491 3485 692 3579 possumus:
718 3487 799 3580 quia
819 3486 908 3560 nihil
930 3485 1104 3576 ejusmodi
1125 3503 1193 3575 po·

138 3581 210 3658 test
222 3586 416 3678 cogitando
432 3587 608 3678 inveniri,
635 3583 971 3680 ficutsupradocui.
1007 3581 1193 3680 Religioni

138 3687 229 3779 ergo
245 3682 469 3759 serviendum
485 3684 557 3778 est,
582 3705 686 3777 quam
703 3687 857 3779 quinon
876 3683 1037 3776 serscipit,
1062 3677 1135 3773 ipse
1154 3678 1190 3758 se

135 3781 330 3878 prosternit
344 3786 381 3858 in
399 3799 551 3878 terram,
577 3785 739 3860 &vitam
757 3783 934 3880 pecudum
951 3781 1108 3870 secutus,
1124 3779 1189 3858 lru·

135 3883 310 3960 munitate
325 3882 359 3957 se
374 3884 523 3958 abdicat.
564 3881 809 3978 Sapientiores
823 3905 913 3980 ergo
925 3880 1099 3973 imperiti,
1126 3881 1188 3970 qui

134 3982 279 4062 etiamst
298 3998 416 4057 errant
433 3986 469 4056 in
482 3983 658 4078 religione
673 3983 883 4084 deligenda,
906 3995 1028 4060 tamen
1051 3994 1208 4068 nature,

135 4079 206 4160 sue
222 4083 515 4186 conditionisque
526 4081 780 4163 meminerunt.
932 4089 936 4098 '

608 4183 642 4268 l.
670 4205 691 4292 3
1068 4174 1185 4259 §le
