2825 4709
182 387 256 464 ²7⁴
280 355 882 444 tinemuta-arven.
908 358 1149 456 luemque,

182 531 343 628 „rerum
357 539 469 600 artem
485 523 655 605 effecum
674 524 892 600 minimarum
906 525 977 598 fine
993 539 1070 604 arte
1082 529 1245 626 nullasu,

130 689 133 694 .
185 623 847 725 „hominum-estparumconsiderate
863 627 1106 714 loquentium,
1132 643 1242 719 atque

183 730 259 828 „in
269 726 428 804 maximis
438 726 544 798 rebus
557 723 760 800 errantium.
795 724 832 795 Si
847 741 966 800 autern
984 725 1033 800 est
1048 729 1160 816 aliqua
1175 728 1241 802 dis·

183 829 354 928 „eiplina
370 822 623 912 virtutit‚·ubi
649 843 691 896 ea
714 837 911 914 quaretur,
940 845 1019 898 curn
1036 827 1078 902 ab
1097 825 1162 898 isto
1179 849 1238 923 ge·

182 947 306 1025 „nere
315 924 470 1000 discendi
481 919 730 1013 discesseriss„
757 920 928 1013 Equidem
946 926 1080 998 tametfi
1094 948 1242 1017 operam

183 1027 367 1130 dederim,
392 1035 434 1098 ut
451 1022 808 1115 quantulamcumque
826 1022 964 1097 dicendi
984 1022 1241 1116 alloquerersa·

180 1130 354 1203 cultatem
378 1137 527 1214 propter
545 1119 695 1196 studium
716 1119 893 1212 docendi,
920 1134 1037 1200 tamen
1064 1128 1240 1214 eloquens

182 1243 362 1317 nunquam
374 1220 447 1308 suia
473 1223 605 1316 quippe
621 1221 679 1311 qui
696 1217 817 1298 sorum
831 1241 877 1297 ne
892 1224 1065 1316 attigerim
1077 1226 1239 1312 quidemr

179 1319 477 1413 terraconem,
502 1317 574 1413 ipsa
587 1342 645 1396 rue
659 1318 767 1406 faciat
784 1318 891 1397 causa
907 1322 1048 1396 bonitas
1066 1325 1242 1413 eloquen.

176 1438 275 1510 tern3
301 1421 346 1497 ad
361 1441 465 1514 quun
480 1417 607 1496 diserte
619 1419 837 1516 copioseque
853 1419 1122 1513 defendendam,
1132 1422 1244 1498 scien.

178 1529 231 1600 tia
246 1521 466 1609 divinitatis,
491 1519 525 1592 dr
541 1517 612 1612 ipsa
629 1521 762 1594 veritat
780 1516 914 1595 sirffieit.
964 1521 1106 1596 Vellem
1131 1525 1240 1618 igitur

179 1623 397 1698 ciceronem
419 1620 596 1722 paulisper
619 1621 663 1692 ab
683 1617 807 1694 inferis
830 1619 990 1712 surgere,
1018 1635 1062 1700 ¹ut
1084 1623 1139 1691 vir
1163 1626 1240 1699 elo·

178 1721 418 1818 quentiriimur
444 1719 488 1792 alr
512 1717 734 1792 homunculo
759 1736 835 1793 non
861 1715 993 1792 diserto
1019 1720 1237 1806 doceretque

104 1893 107 1898 .
177 1821 336 1900 Primum
351 1816 517 1909 quidnam
533 1813 596 1908 fit,
621 1814 721 1909 quoti
734 1815 944 1891 laudandum
963 1834 1087 1908 putet,
1114 1828 1171 1911 qul
1185 1827 1236 1902 vi-

119 1987 124 1996 r
177 1918 365 2018 tuperatid
377 1914 548 2002 studium,
573 1913 844 2004 quod'vocatnr
858 1914 1099 2015 philosophia:
1127 1920 1238 2000 Dein.

160 2021 225 2110 ¹rie
244 2037 359 2112 neque
374 2013 468 2086 illam
482 2011 550 2086 elle
567 2029 700 2102 artem,
720 2035 787 2110 qua
803 2016 916 2087 virtut
935 2015 967 2088 dr
983 2015 1115 2107 justitia
1131 2020 1238 2096 disca.

177 2131 264 2209 tur,
288 2134 358 2189 net
374 2113 480 2188 ullam
500 2111 625 2204 aliam,
650 2111 740 2190 ficut
756 2116 916 2207 putavit:
941 2115 1133 2200 Postremo¹
1146 2142 1236 2210 quo.

175 2219 270 2296 niam
289 2213 338 2286 est
353 2213 499 2286 virtutis
514 2208 716 2303 disciplina,
741 2216 801 2292 ubi
814 2216 1066 2308 querendasrt,
1093 2240 1175 2296 cum
1191 2225 1235 2302 ab

174 2319 241 2395 llio
251 2313 411 2387 discendi
427 2331 557 2408 genere
576 2308 783 2388 discesseris:
810 2313 906 2404 quod
922 2315 982 2390 ille
998 2329 1072 2388 noir
1092 2321 1236 2392 audien·

177 2418 215 2494 di
232 2413 582 2507 discendique-gratia
597 2416 787 2510 querebat.
840 2414 872 2484 A
899 2434 971 2502 quo
998 2409 1091 2504 euim
1118 2418 1237 2510 poffet

176 2518 324 2608 audire,
350 2533 430 2588 cum
447 2510 551 2584 sciret
564 2511 600 2583 id
615 2511 751 2586 nemos
802 2512 871 2584 Sed
889 2515 978 2588 utin
993 2515 1099 2589 carris
1116 2516 1236 2598 facere

177 2614 338 2701 solebat3
366 2614 651 2704 interrogatione
672 2614 791 2688 voluit
806 2631 954 2705 urgere,
981 2615 1022 2688 ad
1048 2617 1236 2691 consellio·

177 2709 563 2804 nemqueporducere3
589 2723 753 2805 tanquam
781 2709 999 2794 confideret,
1026 2712 1233 2796 responsari

175 2808 320 2910 prorsus
336 2809 423 2882 nihil
431 2803 550 2900 posse,
577 2810 766 2899 quominus
782 2809 1005 2906 philosophia
1022 2809 1107 2886 esset
1124 2819 1234 2913 magi.

174 2910 246 2988 stra
262 2905 420 2986 virtutis.
464 2905 575 3003 Quod
593 2908 734 2997 quidern
749 2911 785 2984 in
802 2908 1010 2986 Tusculanis
1026 2913 1235 3004 disputatio.

175 3009 281 3088 nibus
290 3017 413 3104 aperte
422 3003 597 3104 professus
606 3005 670 3097 est,
689 3009 732 3084 ad
750 3029 825 3083 eam
841 3006 946 3101 ipsam
963 3012 1136 3094 conversa
1152 3036 1234 3094 ora.

173 3111 300 3190 tione,
317 3119 484 3198 tanquam
501 3103 535 3180 se
552 3107 808 3184 declamatorio
825 3106 963 3184 dicendi
979 3131 1110 3203 genere
1126 3114 1233 3201 satia.

174 3224 243 3286 ret.
268 3202 339 3301 „0
355 3203 785 3303 vitmphilosophiadux‚
813 3206 947 3294 inquit;
976 3230 1000 3278 o
1018 3209 1162 3284 virtutis
1179 3216 1231 3290 in·
1255 3263 1266 3284 s

173 3305 393 3403 „dagatrix,
417 3305 879 3399 expultrixque-uitiorum:
906 3306 989 3395 quid
1015 3329 1090 3384 non
1115 3315 1230 3400 modo

172 3457 200 3504 ,.
210 3427 299 3494 noa,
315 3402 375 3480 sed
390 3406 540 3481 omnino
550 3407 625 3482 vita
635 3403 941 3480 hominumsoere
951 3403 1230 3500 effepotuiiseti¹

128 3555 130 3559 -
172 3504 268 3604 „Tu
285 3506 467 3580 inventrix
482 3504 621 3602 legum,
635 3499 851 3593 tumagistra
866 3526 1005 3582 morum
1022 3529 1062 3581 ac
1080 3507 1251 3604 discipli-,-

91 3646 98 3667 1
171 3601 420 3700 „nafoisti.·‚‚
468 3602 581 3700 -Qursr
593 3619 689 3674 ¹nero
703 3601 832 3693 aliquid
850 3624 913 3696 per
927 3603 961 3680 se
974 3603 1228 3707 ipsasentiret,

172 3724 215 3778 tc
238 3724 316 3780 oon
341 3699 548 3797 potiurtille
567 3697 762 3776 laudandus
788 3697 896 3793 esset,
912 3706 980 3796 ¹qui
996 3728 1070 3781 enm
1087 3710 1227 3794 tribuit.

169 3799 297 3882 Potuit
311 3801 440 3877 eodem
455 3799 568 3876 nodo
586 3797 716 3894 gratier
732 3819 835 3893 agere
853 3802 935 3877 cibo
954 3802 1117 3896 &potui
1146 3799 1230 3901 quia

169 3900 242 3980 stne
260 3900 314 3977 hin
329 3901 527 3990 reburui'ta
543 3895 706 3972 constare
729 3917 804 3973 non
820 3900 943 3996 posiltr
969 3904 1006 3979 in
1032 3895 1158 3995 quibus
1185 3923 1241 3990 ut·

170 3997 309 4092 sensur,
333 3993 561 4075 itabanefieii
575 3996 664 4072 nihil
679 3996 741 4076 est.
786 4001 909 4100 ‚Atqui
925 4015 966 4078 ut
979 4003 1226 4108 illatorporie

162 4096 338 4180 wenta
352 4095 454 4184 sunt,
477 4095 525 4179 fic
540 4095 855 4196 aninesapientia.
990 4118 992 4122 ·

1016 4270 1018 4275 .
1081 4193 1209 4277 CA·'
