2825 4709
234 411 240 431 -’
273 381 462 460 ··-L1nra
480 377 513 461 1.
538 380 766 459 nr'runsa
786 373 1065 498 anr'orour.
1144 409 1146 414 ⁴
1171 406 1221 482 59

166 538 482 636 nominebeana,
508 557 794 642 cumtyraunum
805 543 1009 639 occidill'et,
1035 546 1116 638 quia
1125 546 1226 621 nefas

167 655 270 735 erat,
284 643 504 720 fimulacrum
520 644 687 719 constitui
702 646 901 723 meretricis
917 646 956 726 in
969 648 1126 739 templo,
1153 647 1225 720 ani·

166 742 269 817 malis
285 741 434 840 effigiem
443 743 658 839 posuerunt,
684 746 783 846 cujus
800 747 935 820 nolnen
949 745 1107 844 gerebat.
1158 744 1226 820 lta·

165 862 241 933 que
254 857 296 915 ut
308 843 361 915 illi
378 845 637 918 monimentum
653 844 878 937 eunomiae,
901 846 953 918 sic
967 842 1021 937 isti
1036 843 1225 937 exprofes-

164 941 455 1020 sionefecerunt.
482 944 597 1037 Hujus
611 944 748 1017 nomini
760 936 866 1017 etiam
879 944 954 1019 dies
967 944 1075 1020 festus
1088 945 1224 1017 dicatus

168 1039 243 1133 est,
269 1041 556 1117 &Larentinalia
566 1042 771 1119 constituta.
820 1043 1011 1118 Necbanc
1026 1042 1226 1130 solam‘Rof'

168 1140 265 1214 mani
278 1144 503 1217 meretricem
519 1145 669 1234 colunt,
696 1143 754 1216 sed
768 1143 912 1218 Fauiam
927 1165 1092 1237 quoque,
1120 1163 1225 1235 quam
1300 1170 1303 1176 ·

168 1239 337 1313 Herculis
359 1240 516 1316 scortum
539 1241 641 1316 fuisse
654 1244 806 1317 Verrius
822 1240 951 1318 scribit.
1002 1243 1079 1339 Jarn
1093 1257 1238 1334 quanta¹

167 1338 233 1411 ista
247 1340 493 1414 immortalitas
509 1342 667 1437 putanda
681 1341 752 1434 est,
780 1363 882 1433 quam
900 1344 1006 1416 etiam
1018 1343 1222 1415 meretrices

165 1426 422 1530 assequuntur?
448 1440 582 1531 ¹Flora,
609 1461 690 1513 cum
703 1438 845 1535 magnas
860 1462 950 1533 opes
963 1462 1008 1513 ex
1022 1456 1099 1513 arte
1113 1442 1225 1514 meie-

167 1538 273 1611 tricia
288 1538 519 1632 quaefivillet,
544 1531 719 1633 populum
732 1538 864 1632 scripsit
878 1539 1225 1631 heredemcenam·

166 1657 240 1728 que
265 1638 453 1731 pecuniam
473 1640 643 1732 reliquit,
670 1639 771 1731 cujus
787 1661 833 1712 ex
851 1637 972 1719 annuo
985 1638 1125 1715 foenore
1143 1638 1224 1710 luus

165 1739 296 1812 natalis
316 1740 391 1812 dies
406 1741 648 1813 celebraretur
663 1740 824 1812 editione
838 1738 1025 1829 ludorum,
1052 1756 1142 1828 quos
1164 1757 1223 1827 ap·

166 1837 484 1931 pellant‘Floralia.
510 1840 624 1939 Quod
638 1840 719 1930 quia
732 1838 879 1913 Senatui
897 1834 1108 1934 flagitiosum
1127 1836 1225 1916 vide·
1301 1841 1307 1851 '

167 1940 298 2030 batur,
324 1940 368 2010 ab
385 1937 460 2033 ipso
477 1936 622 2012 nomirie
638 1951 883 2033 argumentum
901 1936 987 2013 sumi
1000 1938 1157 2031 placuit,
1182 1947 1224 2006 ut
1287 1997 1293 2007 .

167 2035 345 2133 pudendae
364 2039 416 2109 rei
433 2037 590 2129 quadam
607 2037 758 2133 dignitas
776 2039 975 2113 adderetur.
1027 2036 1143 2110 Deam
1158 2032 1225 2108 fin·

171 2150 306 2210 xerunt
323 2132 413 2228 elie,
440 2157 517 2229 quae
541 2138 690 2211 floribus
714 2136 853 2229 praesit,
879 2158 1026 2228 eamque
1052 2150 1225 2229 oportere

169 2235 367 2330 placari‚ut
379 2234 498 2333 fruges
512 2258 592 2311 cum
605 2237 792 2310 arboribus
808 2250 869 2309 aut
879 2237 1012 2309 vitibus
1023 2237 1116 2307 bene
1127 2231 1225 2327 pros-

170 2354 330 2431 pereque
342 2332 583 2420 florescerent.
618 2333 710 2414 Eum
726 2337 888 2408 colorem
905 2334 1045 2408 secutus
1062 2334 1099 2405 in
1116 2331 1224 2404 Fastis

167 2449 299 2528 poeta,
324 2455 399 2509 non
413 2436 606 2532 ignobilem
620 2436 813 2531 nympham
829 2433 929 2507 inille
942 2433 1122 2521 narravit,
1149 2449 1226 2520 quae

169 2533 214 2608 sit
225 2531 369 2607 Chloris
382 2537 564 2625 vocitata,
591 2533 739 2622 eamque
755 2533 928 2624 Zephyro
945 2544 1113 2623 nuptam,
1132 2526 1225 2617 quast

170 2632 268 2707 dotis
284 2634 372 2706 loco
392 2634 428 2705 id
444 2632 614 2725 accepille
626 2632 782 2705 muneris
797 2652 816 2706 a
834 2630 983 2720 marito,
1011 2642 1051 2699 ut
1074 2629 1224 2700 haberet
1266 2673 1269 2684 ·

170 2734 332 2806 omnium
347 2733 476 2807 florum
488 2732 714 2826 potestatem.
764 2728 925 2805 Honeste
940 2728 1080 2821 quidem
1096 2727 1158 2800 ista
1172 2726 1225 2806 d·

171 2847 324 2919 cuntur3
349 2831 407 2905 sed
418 2831 604 2905 inhoneste
614 2830 835 2923 turpiterque
845 2828 1048 2903 creduntur.
1075 2826 1225 2900 Necdc-
1259 2891 1263 2896 .

170 2934 362 3013 bent,cum
379 2933 513 3005 veritas
528 2930 708 3023 quaritur,
720 2928 922 3021 hujusmodi
937 2950 1006 3003 nos
1022 2929 1223 3001 velamenta

172 3032 352 3123 decipere.
403 3031 639 3105 Celebrantur
654 3027 742 3124 eigo
760 3031 811 3101 illi
830 3030 904 3101 ludi
923 3048 1003 3103 curn
1018 3028 1115 3102 omni
1129 3024 1226 3099 lasci·
1247 3085 1253 3100 ,

170 3131 254 3223 via,
283 3130 738 3205 convenientermemoriae
752 3129 961 3202 meretricis.
987 3126 1225 3217 Nampraeter
1276 3132 1305 3214 f

169 3233 370 3303 verborum
385 3230 579 3321 licentiam,
596 3228 723 3319 quibus
733 3224 942 3299 obscoenitas
952 3227 1066 3299 omnis
1076 3222 1225 3296 effundi·

168 3342 252 3422 tur,
278 3343 458 3420 exuuntur
473 3331 579 3403 etiam
596 3326 753 3399 vestibus
768 3327 905 3418 populo
918 3325 1100 3420 flagitante
1110 3342 1224 3396 merc·

141 3432 144 3441 '
170 3430 306 3521 trices,
333 3450 409 3519 quae
429 3445 517 3501 tunc
540 3430 722 3501 mimarum
743 3424 939 3519 funguntur
958 3421 1104 3514 officio,
1130 3421 1224 3496 &in

175 3526 368 3621 conspetu
382 3529 507 3621 populi
521 3525 630 3617 usque
646 3524 689 3598 ad
702 3522 897 3597 satietatem
905 3524 1164 3616 impudicorum
1173 3522 1240 3604 lu·'

173 3630 307 3703 minum
321 3649 401 3700 cum
415 3628 585 3720 pudendis
600 3623 991 3710 motibusdetinentur.
1068 3637 1071 3642 ·

249 3727 429 3801 Cloacinae
450 3726 671 3799 limulacrum
691 3725 729 3797 in
746 3726 870 3798 cloaca
882 3724 1032 3796 maxima
1046 3733 1228 3813 repertum

170 3825 302 3900 Tatius
316 3826 562 3915 consecravit,
589 3825 621 3898 dt
636 3824 731 3916 quia,
747 3825 847 3916 cujus
862 3820 948 3896 effer
964 3819 1108 3917 effigies,
1122 3824 1226 3917 igno·

171 3929 298 4018 rabat,
326 3948 371 3999 ex
388 3927 475 3997 loco
495 3925 545 3995 illi
560 3943 693 3997 nomen
707 3921 885 4016 imposuit.
936 3920 1134 4013 Pavorem,
1151 3921 1227 4000 Pal·

172 4030 360 4122 laremque
374 4024 503 4101 Tullus
511 4022 682 4100 Hostilius
692 4019 907 4128 figuravit&
924 4021 1047 4100 coluit.
1075 4021 1172 4119 Quid
1180 4020 1225 4106 de

1101 4123 1175 4208 hoc
