2825 4709
358 341 597 466 ‘trinita
622 381 962 479 osJusr1nrs.
1088 375 1098 386 '
1125 409 1195 486 333

141 555 247 652 origo
261 551 297 625 in
308 543 522 646 Religione‚
546 548 641 619 ratio
657 547 693 619 in
706 533 958 637 aequitatelest!
1000 544 1120 630 Sedli.
1135 553 1196 644 qui

138 660 290 753 primam
303 654 396 723 illam
411 663 548 742 partem
565 642 778 727 nescierunt,
792 641 1037 742 nesecundam
1053 649 1196 741 quidem

141 768 269 832 tenere
295 760 504 843 potuerunt·
553 744 657 819 Volo
673 753 791 817 autem
807 743 903 836 prius
919 747 1196 846 circumscripte,
1291 838 1292 842 Ἴ

142 876 186 928 ac
204 853 386 936 breviter,
413 844 572 939 quidsit‚
599 841 808 935 ostendere,
832 845 1197 942 ut'intelligaturphi·

140 951 317 1045 losophos
342 943 516 1045 ignorasse
537 943 729 1038 justitiam,
753 963 824 1018 nec
844 944 904 1038 id,
930 947 1028 1037 quod
1051 949 1197 1025 minime

143 1065 339 1136 noverant,
349 1043 501 1141 potuisse
516 1042 716 1117 defendere.
741 1043 877 1137 Justitia
894 1048 1054 1135 quamvis
1069 1067 1197 1123 omnes

118 1167 121 1176 ’
142 1152 243 1227 simul
258 1149 410 1220 virtutes
428 1142 675 1237 amplectatur,
702 1156 820 1218 tamen
838 1144 913 1216 duae
933 1142 1013 1219 sunt
1034 1150 1196 1226 omnium

143 1249 380 1345 principales,
407 1265 483 1335 quae
505 1245 549 1316 ab
568 1243 626 1314 illa
641 1239 762 1314 divelli
784 1240 1003 1338 separarique
1020 1267 1095 1322 non
1113 1249 1195 1343 pos·
1306 1245 1309 1250 ’

142 1348 243 1430 sunt,
270 1351 382 1440 pietas
399 1344 433 1415 ἃ
448 1344 605 1435 aequitas.
638 1339 730 1413 Nam
745 1336 848 1428 tides,
859 1350 1198 1440 temperantia‚pro·

111 1520 114 1526 ,
142 1450 257 1522 bitas.
283 1441 511 1533 innocentis,
545 1442 750 1535 integritas,
783 1441 817 1513 ἃ
843 1457 969 1514 caetera
993 1443 1199 1536 hujusmodi

144 1550 370 1634 volnerum,
397 1543 455 1615 vel
470 1538 636 1614 institutis
655 1554 840 1632 parentum
855 1539 999 1633 possunt
1017 1542 1086 1617 esl'e
1103 1549 1197 1622 iniis

144 1646 370 1722 hominibus,
396 1643 454 1732 qui
470 1638 637 1733 justitiam
651 1636 834 1742 nesciunt,
859 1641 957 1713 sicuti
973 1639 1108 1736 semper
1121 1646 1198 1722 sue-

145 1760 243 1821 tunt.
275 1744 369 1817 Nam
378 1738 709 1819 Romaniveteres,
734 1741 792 1830 qui
804 1737 936 1832 justitia
950 1742 1094 1838 gloriari
1108 1743 1199 1821 sole·

146 1849 255 1933 bant,
281 1845 322 1914 iis
338 1841 461 1931 utique
476 1843 670 1912 uirtutibus
687 1833 948 1933 gloriabantur,
976 1861 1070 1933 que,
1089 1861 1129 1917 ut
1147 1848 1198 1920 di·

144 1949 195 2027 xi,
206 1939 380 2037 proficisci
393 1963 413 2011 a
422 1938 554 2031 justitia
568 1937 769 2030 possunt‚&
784 1941 827 2011 ab
843 1942 918 2032 ipso
932 1938 1037 2014 sonte
1051 1939 1198 2022 secerni.

147 2045 265 2119 Pietas
281 2059 374 2111 vero
394 2038 426 2108 ἃ
446 2038 590 2127 aequitas
609 2035 700 2125 qiiasr
715 2057 815 2109 venae
828 2036 1014 2134 suntejus3
1041 2041 1200 2123 hisenim

149 2146 292 2216 duobus
311 2138 472 2211 sontibus
488 2133 624 2207 constat
643 2148 723 2208 tota
737 2133 878 2227 justitia.
914 2138 984 2212 Sed
999 2157 1109 2234 caput
1122 2146 1200 2239 eius

149 2242 184 2314 ἅ
201 2244 305 2334 origo
323 2241 357 2309 in
370 2236 433 2307 illo
450 2237 567 2328 primo
585 2233 649 2321 est,
662 2237 699 2307 in
713 2234 868 2309 secundo
888 2239 944 2310 vis
961 2244 1074 2312 omnis
1091 2265 1132 2315 ac
1145 2265 1203 2319 ra·

147 2343 215 2414 tio.
243 2339 357 2411 Pietas
372 2351 489 2408 autem
503 2334 588 2408 nihil
606 2335 698 2407 aliud
714 2333 784 2424 est,
812 2356 915 2426 quam
927 2335 1134 2432 Deixnoti03
1160 2343 1203 2418 sm·

148 2453 213 2513 cut
231 2434 475 2532 Trismegistns
491 2433 664 2507 veriffime
680 2429 865 2523 definivit,
891 2451 932 2506 ut
955 2436 1026 2508 alio
1043 2440 1134 2511 loco
1152 2441 1204 2514 dt·
1267 2481 1274 2490 .
1300 2511 1309 2522 ,

149 2542 276 2613 ximus.
311 2535 346 2608 Si
366 2555 454 2629 ergo
474 2535 586 2624 pictas
603 2532 674 2623 est,
700 2531 919 2628 cognoscere
937 2534 1073 2626 Deum,
1100 2541 1203 2633 cujus
1285 2611 1289 2621 ,

150 2637 370 2735 cognitionis
397 2636 472 2705 liaec
495 2630 623 2706 summa
650 2630 722 2720 est,
750 2650 789 2704 ut
812 2655 892 2706 eum
916 2637 1034 2714 colas,
1059 2638 1205 2734 ignorat

149 2742 274 2829 utique
282 2732 463 2827 justitiam,
477 2732 535 2822 qui
556 2730 778 2826 Religionem
800 2733 866 2804 Dei
887 2751 962 2807 non
980 2747 1091 2812 tenet.
1101 2742 1206 2836 Quo·

149 2835 264 2914 modo
280 2836 372 2907 enim
392 2828 510 2925 potest
525 2852 601 2904 eam
620 2831 726 2924 ipsam
744 2830 863 2922 nosse,
890 2833 948 2925 qiii
962 2835 1204 2912 undeoriatut'·

149 2934 319 3032 ignorati
344 2932 447 3004 Plato
465 2932 604 3022 quidem
621 2933 730 3003 multa
745 2932 789 3003 de
801 2933 884 3004 Deo
900 2953 973 3006 uno
988 2937 1204 3032 locutores&

153 3055 262 3125 aquo
278 3033 326 3104 ait
344 3028 572 3104 constitutum
589 3028 657 3103 else
673 3031 857 3104 mundum:
884 3029 941 3104 sed
957 3035 1040 3106 nihil
1056 3037 1099 3108 de
1110 3036 1206 3109 Reli-

152 3136 284 3231 gione;
316 3129 553 3203 somniaverat
578 3132 671 3202 enim
699 3129 838 3222 Deum,
865 3151 939 3203 non
967 3131 1204 3225 cognoverat.

152 3232 265 3334 Quod
282 3229 457 3320 sijustitiae
470 3227 711 3303 defensionem
728 3232 786 3302 vel
798 3227 882 3323 ipse,
891 3233 949 3304 vel
961 3234 1109 3323 quilibet
1118 3234 1206 3307 alius

152 3334 303 3425 implere
318 3325 505 3418 voluisset,
533 3330 568 3401 in
587 3329 707 3420 primis
721 3330 911 3425 religiones
931 3331 1089 3405 Deorum
1104 3352 1208 3405 ever·

153 3447 233 3505 tere
249 3432 393 3518 debuit,
407 3429 487 3519 quia
503 3428 690 3501 contrarie
704 3425 784 3501 sunt
799 3430 934 3521 pietati.
947 3429 1058 3530 Quod
1067 3433 1208 3520 quidem

154 3529 324 3605 Socrates
340 3531 419 3619 quia
439 3527 555 3601 facere
575 3531 750 3620 tentavit,
775 3530 810 3600 in
828 3549 1003 3603 carcerem
1025 3529 1209 3622 conjectus

156 3628 228 3718 est3
255 3645 296 3701 ut
310 3628 381 3721 jam
399 3639 487 3698 tunc
505 3641 703 3720 appareret,
713 3628 796 3718 quid
814 3625 899 3700 esset
913 3628 1070 3703 futurum
1084 3632 1127 3702 iis
1143 3633 1210 3704 ho·

155 3730 333 3816 minibus,
360 3728 418 3816 qui
431 3722 597 3818 justitiam
614 3743 742 3812 veram,
752 3726 963 3820 defendere,
978 3727 1134 3823 Deoque
1143 3730 1211 3806 lin·

156 3827 270 3928 gulari
288 3821 629 3917 servirecoepiisent.
1198 3833 1202 3842 “

233 3925 359 3999 Altera
385 3921 435 3995 est
456 3923 596 4013 justitiae
620 3942 699 4013 pars
726 3923 888 4012 aequitast
912 3927 1112 4016 equitatem
1125 3927 1211 4004 dico

157 4021 963 4124 annuaqueoenejuucinuiquosuipsom
973 4027 1212 4105 uudamieeli

156 4183 158 4188 -
1127 4148 1165 4204 ut
