2825 4709
157 367 176 488 Ἰ
231 409 278 484 32
327 380 759 476 PramLacraurrr
783 403 931 492 muru.
957 381 1202 494 lutrinum

156 555 158 570 '
220 513 313 646 „su'oa
335 546 374 622 iu
391 549 526 642 ¹culum
552 544 715 620 tollunt?
742 545 825 646 quid
851 536 924 640 per*
940 544 1087 641 superos
1114 551 1290 645 dejerant,

231 672 313 726 cum
327 648 390 743 ipsr
404 646 520 741 superi
535 647 577 719 ad
589 643 728 718 inferos
743 644 1126 739 revolvantur,'ibique
1135 652 1292 726 habeant

112 790 115 797 ·
232 745 333 844 quod
352 759 573 821 venerentur
590 746 624 817 ἀ
640 742 820 818 adorent?
848 745 959 819 *illud
979 765 1070 820 vero
1087 749 1189 839 quale
1209 751 1288 824 est?

232 847 303 925 ess‘e
326 847 420 938 fata,
446 845 574 938 quibus
593 844 654 917 Dii
677 864 824 937 omues,
851 841 978 938 &ipse
994 847 1133 941 Jupiter
1154 865 1291 941 pareat.
1314 871 1331 896 *

134 1003 136 1010 ,
231 949 267 1023 Si
285 946 471 1021 Parcarum
488 960 588 1018 tanta
607 944 663 1016 vis
678 942 751 1036 est,
776 946 908 1038 utplus
921 944 1050 1039 posunt
1066 966 1169 1037 quam
1185 953 1291 1023 coele·

231 1049 302 1126 stes
319 1043 500 1135 universi,
527 1065 702 1135 quamque
721 1041 794 1137 ipse
813 1041 932 1116 terior
948 1065 990 1117 ae
1007 1044 1196 1137 dominus,
1224 1068 1289 1120 cur

220 1169 309 1236 non
328 1145 397 1218 iuae
410 1144 532 1238 potius
549 1162 697 1239 regnare
713 1141 901 1237 dicantur,
928 1164 1075 1235 quarum
1084 1148 1221 1242 legibus
1242 1170 1285 1222 ac

229 1245 369 1325 statutis
392 1262 518 1338 parere
537 1263 661 1317 omnes
680 1241 786 1326 Deos
805 1241 984 1317 uecessita‘s
1000 1243 1127 1341 cogit?
1177 1247 1291 1322 Nunc

102 1341 105 1348 ’
176 1403 180 1412 .
231 1348 292 1422 cui
306 1345 457 1418 dubium·
471 1339 544 1434 est,
570 1344 654 1435 quin
669 1341 713 1431 is,
721 1341 781 1433 qui
799 1339 903 1415 alicui
917 1343 970 1415 r'ei
989 1342 1210 1438 obsequitur,
1218 1368 1293 1421 ma·

227 1445 344 1532 ,ximus
359 1463 437 1516 non
455 1440 524 1517 suti
550 1461 632 1515 nam
649 1440 674 1516 fi
693 1442 749 1531 fit,
757 1462 834 1514 non
843 1441 994 1535 accipiat
1003 1442 1088 1537 fata,
1099 1443 1156 1518 sed
1169 1445 1290 1523 faciat.

230 1545 342 1623 Nunc
358 1542 401 1615 ad
416 1541 534 1633 aliud,
552 1539 651 1634 quod
659 1539 866 1635 omiseram,
883 1542 1006 1616 redeo.
1033 1542 1074 1618 In
1085 1564 1156 1624 una
1167 1547 1293 1635 itaque

230 1643 307 1722 sola
326 1641 395 1715 fuit
412 1642 681 1733 continentior,
708 1660 789 1716 curn
806 1663 882 1715 eam
900 1643 1099 1737 deperiret3
1127 1664 1203 1717 non
1216 1648 1291 1716 vir-

229 1761 311 1820 tute
327 1744 464 1835 aliqua,
485 1738 543 1812 sed
561 1754 660 1813 metu
676 1736 894 1822 successoris.
935 1746 1026 1843 Quae
1043 1733 1200 1817 formido
1219 1747 1291 1819 uti·

186 1919 189 1926 ,
218 1842 395 1940 -queejus
415 1837 480 1931 est,
490 1839 548 1931 qui
560 1838 835 1930 fitutmortalis,
851 1840 1109 1932 &imbecillum
1126 1844 1290 1930 &nihilit

231 1946 364 2038 quippe
380 1940 439 2031 qui
456 1937 627 2032 potuit&
644 1952 754 2032 tunc,
781 1960 863 2014 curn
881 1938 1099 2034 nasceretur,
1113 1945 1289 2037 extimui,

206 2072 210 2078 ·
231 2043 323 2120 ficut
340 2038 450 2113 frater
468 2036 543 2129 ejus
562 2050 645 2110 ante
666 2038 806 2134 genitus
821 2039 996 2114 extinitus
1014 2040 1083 2114 est:
1109 2046 1169 2134 qui
1190 2044 1212 2116 su
1236 2046 1292 2115 vi-

230 2134 515 2235 verepotuiffet,
533 2157 713 2229 nunquam
722 2139 853 2212 minori
862 2138 1291 2235 concefflssetimperium.

151 2241 171 2336 j
229 2238 309 2335 lpse
332 2253 450 2320 autem
471 2235 572 2318 furto
588 2234 769 2329 servatus,
795 2236 988 2332 furtimque
1007 2243 1186 2334 nutritus,
1214 2236 1290 2341 ζευς

229 2341 306 2417 five
323 2329 379 2437 ζην
399 2338 595 2429 appellatus
612 2334 682 2425 est3
709 2357 807 2427 nou,
832 2350 874 2409 ut
892 2336 944 2412 isti
961 2353 1112 2433 putant,
1137 2340 1291 2415 fervore

231 2440 381 2513 coelestir
399 2435 512 2534 ignis,
543 2437 604 2508 vel
620 2434 720 2527 quod
737 2436 820 2508 vitae
836 2435 878 2510 sat
897 2438 1015 2524 dator,
1026 2441 1085 2512 vel
1103 2444 1200 2532 quod
1217 2443 1292 2514 ani-

124 2630 127 2636 ,
199 2553 201 2562 “
229 2540 409 2617 mantibus
431 2532 577 2629 inspiret
592 2536 747 2628 animas,
773 2557 850 2628 quae
868 2539 984 2612 virtus
1002 2537 1109 2612 solius
1130 2544 1198 2613 Dei
1217 2541 1290 2617 est:

231 2636 359 2735 (quam
374 2637 467 2708 enim
482 2633 586 2727 poffit
602 2632 770 2730 inspirare
789 2636 960 2728 animam,
982 2639 1040 2731 qui
1056 2636 1128 2731 ipse
1146 2643 1291 2732 accepit

230 2736 372 2811 aliunde
381 2733 422 2833 i)
449 2732 507 2828 sed
527 2733 624 2825 quod
641 2737 775 2830 primus
794 2756 839 2808 eu
847 2738 967 2812 liberis
979 2737 1121 2812 Saturni
1132 2742 1289 2814 maribus

212 2836 374 2909 ¹uixerit.
1166 2859 1169 2864 ·

302 2931 506 3007 Potuerunt
524 2928 631 3028 igitur
649 2932 814 3008 homiues
836 2933 940 3008 alium
955 2932 1072 3010 Deum
1088 2936 1220 3010 habere
1232 2957 1291 3011 re·

136 3065 139 3072 ’
215 3031 391 3125 storum,
417 3029 442 3105 fi
457 3028 628 3104 Saturnus
640 3053 716 3106 non
733 3030 851 3108 fuiss'et
868 3035 911 3107 ab
926 3055 1042 3109 uxore
1059 3036 1210 3111 delusus.
1234 3036 1290 3111 At

177 3200 179 3208 ,
230 3135 325 3209 enim
341 3142 461 3225 poetae
474 3127 537 3203 ista
552 3126 745 3232 finxerunt.
780 3131 886 3205 Errat
901 3135 1055 3226 quisquis
1074 3137 1146 3209 hoc
1160 3153 1288 3230 putat3

228 3234 282 3310 illi
298 3232 391 3309 enim
409 3228 453 3302 de
466 3229 669 3323 homiuibus
686 3233 943 3325 loquebantur:
967 3231 1026 3306 sed
1041 3250 1083 3309 ut
1099 3258 1164 3308 eos
1184 3257 1290 3308 orna·

105 3412 117 3424 ,
228 3321 330 3425 rent,
356 3348 510 3423 quorum
527 3331 733 3405 memoriam
747 3334 909 3405 laudibus
927 3335 1286 3420 celebrabantfleos

229 3430 299 3510 effe
316 3430 494 3505 dixerunt
544 3429 669 3522 ltaque
682 3432 742 3504 illa
754 3434 876 3526 potius
893 3429 972 3505 flua
987 3432 1089 3529 sunt,
1106 3455 1189 3525 .quae
1209 3449 1287 3505 tan·

230 3553 334 3625 quam
351 3530 396 3604 de
412 3527 513 3620 Diis,
539 3548 615 3601 non
639 3531 720 3625 illa,
746 3552 822 3624 quae
837 3546 1002 3624 tanquam
1015 3534 1061 3608 de
1080 3534 1287 3607 hominibus

227 3632 345 3708 locuti
358 3627 457 3703 sunt:
483 3628 582 3719 quod
600 3630 733 3705 clarum
753 3627 818 3705 fiet
834 3635 1021 3725 exemplo,
1043 3632 1141 3726 quod
1156 3633 1289 3705 infere-
1308 3644 1315 3674 ‘

184 3754 187 3760 ·
227 3752 319 3807 mus.
353 3727 502 3802 Danaen
518 3728 739 3822 violaturus,
756 3749 884 3805 aureos
904 3752 1070 3808 nummos
1087 3732 1231 3827 largiter
1247 3733 1288 3808 in

227 3829 339 3908 smum
353 3827 428 3920 ejus
438 3824 579 3903 infudit.
606 3828 694 3902 Haec
705 3828 815 3925 stupri
827 3850 963 3905 merces
976 3831 1054 3910 fuit.
1087 3829 1140 3903 At
1151 3845 1287 3925 poetae,

153 3956 157 3971 ·
227 3932 287 4022 qui
299 3925 392 4021 quasi
406 3924 450 4000 de
463 3924 546 4001 Deo
559 3927 884 4023 loquebantur‚ne
897 3932 1124 4005 autoritatem
1139 3932 1288 4004 creditae

95 4099 97 4108 .
149 4115 152 4122 ,
224 4027 413 4125 majestatis
433 4024 867 4132 instinge'rffifiuxeruut
877 4028 990 4131 ipsum
1001 4034 1161 4111 inaureo
1172 4032 1289 4106 imbre

1037 4191 1040 4212 ,
1116 4130 1237 4227 delap-
