2825 4709
308 365 508 466 linaei
532 389 593 448 oe
613 387 761 450 ,ranan
784 365 1065 452 Retrororrm
1170 395 1216 482 ¹7

137 528 330 622 Animus,
357 529 418 624 qui
434 549 499 623 per
513 530 695 604 universas
710 532 833 610 mundi
845 547 981 628 partes,
997 556 1214 631 omnemque

138 629 823 722 naturamcommeansatquediffusus3
851 654 895 708 ex
904 654 977 727 quo
986 639 1120 728 omnia,
1134 657 1212 730 quo

136 727 356 815 nascuntur,
373 731 535 802 animalia
546 733 656 804 vitam
666 732 825 824 capiunt
850 731 1084 830 Anaxagoras
1093 737 1212 813 Deum

139 829 216 903 elle
240 829 333 902 dixit
346 825 521 903 infinitam
536 844 708 922 mentem,
718 852 796 924 quae
810 851 877 924 per
893 830 928 905 ie
946 835 1051 926 ipsam
1065 855 1214 910 movea-

137 943 216 1003 tur.
248 925 480 1003 Antisthenea
493 931 628 1002 multos
641 933 782 1022 quidem
800 930 870 1004 effe
883 937 1074 1026 populpres
1094 934 1212 1032 Deos,

137 1047 259 1100 unum
277 1041 399 1101 tamen
413 1031 622 1109 naturalem,
634 1029 774 1104 summae
789 1033 903 1103 totius
917 1029 1102 1111 artificem.
1131 1027 1212 1109 Cle·

95 1089 99 1208 i
141 1129 282 1222 anthes¹
305 1126 340 1198 &
364 1124 606 1202 Anaximenes
631 1130 764 1204 aethera
789 1131 915 1204 dicunt
947 1131 1016 1206 elle
1040 1132 1212 1212 summum

140 1226 295 1314 Deumi
322 1228 380 1298 cui
397 1228 562 1321 opinioni
577 1228 692 1302 Poeta
705 1227 828 1304 noster
846 1228 1003 1306 aliensrt:

254 1317 338 1399 Tum
354 1345 449 1421 parer
464 1336 656 1424 omnipotens
673 1327 828 1417 ferundis
844 1335 993 1400 imbribus
1012 1334 1112 1408 ather

253 1430 408 1524 conjugis
423 1433 461 1496 in
474 1451 628 1521 gremium
646 1428 726 1501 lam
737 1429 907 1518 descendit,
932 1429 971 1505 &
983 1455 1087 1502 omme

250 1531 394 1620 Magnus
409 1535 472 1597 alit
488 1549 598 1624 magno
614 1528 778 1625 permistus
790 1547 912 1624 corpore
923 1530 1042 1619 fretur,

145 1625 371 1722 Chrysippus
395 1629 592 1699 naturalem
613 1628 687 1700 vim
710 1628 833 1700 divina
849 1627 992 1700 ratione
1008 1624 1211 1722 preditam,

142 1727 329 1800 interdum
346 1725 502 1799 divinam
521 1726 760 1804 necestitatem
776 1727 894 1801 Deum
908 1741 1103 1821 nuncupat.
1120 1724 1213 1804 ltem

144 1825 255 1900 Zeno
270 1826 426 1898 divinam
441 1827 710 1919 naturalemque
723 1827 851 1922 legem.

225 1925 366 1998 Horum
388 1927 548 1999 omnium
563 1923 750 2017 sententia,
766 1928 926 2017 quamvis
936 1926 1135 2017 fitincerta
1146 1947 1212 2002 eo·

145 2024 232 2097 dem
254 2040 375 2098 tamen
398 2023 549 2117 spellat,
574 2039 617 2096 ut
637 2027 901 2119 providentiam
916 2049 1021 2102 unam
1035 2026 1105 2101 else
1123 2046 1214 2102 con·

144 2121 313 2198 sentiant.
338 2122 424 2197 Sive
442 2126 535 2197 enim
553 2137 692 2216 natura,
710 2127 783 2200 live
797 2126 921 2218 aether,
937 2126 1011 2201 five
1024 2128 1213 2217 ratio,srve

96 2267 97 2274 κ
145 2222 708 2318 mens,s1vefatalisneceliitae,
725 2225 799 2299 five
815 2226 935 2298 divina
953 2226 1024 2314 lex,
1041 2228 1115 2299 live
1127 2226 1213 2318 quid

95 2303 98 2358 ¹
148 2324 245 2396 aliud
262 2322 416 2415 dixeris,
442 2322 618 2409 idemest‚
645 2324 743 2417 quod
770 2347 789 2397 a
817 2325 923 2398 nobis
946 2326 1075 2397 dicitur
1098 2324 1215 2401 Deus.

147 2423 234 2497 Nec
252 2422 372 2495 obstat
394 2424 673 2517 appellationum
691 2425 896 2515 diversitas,
924 2445 1004 2498 cum
1023 2422 1099 2516 ipse
1114 2423 1216 2515 ligni-

148 2519 324 2596 ficatione
346 2522 389 2594 ad
406 2543 516 2596 unum
539 2526 658 2596 omnia
679 2526 931 2597 revolvantur.
983 2521 1214 2614 Aristoteles,

152 2624 316 2714 quamvis
341 2620 458 2694 seeum
480 2619 553 2714 ipse
576 2621 751 2713 diffident,
778 2642 820 2693 ac
840 2623 1074 2717 repugnantia
1096 2620 1215 2700 sabi&

152 2723 250 2795 dicat
269 2721 305 2794 δι,
318 2720 459 2811 sentiat,
476 2721 513 2793 in
526 2719 692 2794 summum
704 2736 821 2794 tamen
831 2741 936 2794 unam
947 2736 1102 2793 mentem
1114 2739 1216 2796 mun·
1309 2735 1311 2740 ’

151 2822 201 2894 do
217 2818 362 2913 preelie
379 2819 539 2893 testatur.
566 2818 683 2909 Puto,
700 2822 759 2911 qui
776 2821 935 2893 omnium
952 2820 1214 2913 sepientillimua

96 2921 97 2940 ¹
149 2920 344 3014 judicatur,
357 2920 599 2993 monarchiam
617 2920 723 3011 plane
736 2935 929 3014 aperteque
946 2919 1126 3009 defendit3
1143 2941 1214 2996 nee

152 3020 301 3110 ethera,
313 3035 382 3093 eut
397 3021 590 3108 rationem,
608 3032 669 3094 aut
685 3036 860 3111 naturam,
878 3020 952 3110 sed,
965 3035 1006 3094 ut
1017 3020 1080 3112 est,
1094 3022 1213 3100 Deum

152 3120 336 3192 nominat:
358 3118 402 3192 ab
418 3126 464 3193 eo
479 3121 651 3195 mundum
667 3120 765 3193 hunc
778 3119 972 3211 perfecium
992 3136 1098 3210 atque
1111 3120 1214 3192 mira·

152 3220 262 3292 bilem
280 3216 350 3292 elle
368 3217 592 3295 fabricatum.
645 3220 762 3317 Quem
789 3219 921 3292 Cicero
942 3217 1082 3291 secutus
1106 3233 1215 3309 atque

153 3319 313 3392 imitatus
331 3318 367 3391 in
384 3320 565 3412 plurimis,
590 3316 708 3391 Deum
725 3319 932 3408 frequenter
950 3317 1159 3406 confitetur,
1172 3339 1215 3392 ac

95 3419 99 3506 ῗ
151 3417 356 3512 supremum
371 3434 485 3492 vocat
500 3420 537 3491 in
552 3417 594 3491 iis
608 3418 720 3509 libris,
732 3439 823 3508 quoa
840 3419 883 3491 de
894 3416 1049 3514 Legibus
1061 3416 1214 3511 scrlpfit3

151 3519 198 3608 ¹ab
215 3537 337 3608 eoque
355 3518 613 3614 regimundum
640 3531 928 3611 argumentatur,
955 3539 1035 3591 cum
1062 3516 1216 3611 disputat

95 3643 97 3652 ⁴
154 3616 343 3695 denatura
358 3615 544 3710 Deorum,
571 3617 645 3690 hoc
658 3617 789 3690 modo:
825 3614 966 3710 „Nihil
986 3615 1037 3690 est
1052 3615 1216 3712 praestan·

153 3719 263 3814 „tius
288 3714 391 3789 Deo:
418 3716 534 3789 abeo
559 3717 666 3812 igitur
690 3716 861 3792 mundum
888 3717 960 3810 regi
986 3712 1126 3789 ne‘celie
1151 3715 1214 3808 est,

96 3907 97 3920 Ν
152 3815 295 3911 „Nulli
312 3812 485 3911 igiturest
503 3829 636 3889 naturae
651 3816 824 3892 obediens
842 3831 903 3890 aut
915 3814 1088 3907 subjeilus
1099 3814 1216 3890 Deus:

356 3935 395 3986 er
461 3934 479 3984 r
528 3916 579 3933 ⁸·
818 3975 826 3994 .
980 3916 1015 3986 id

96 4069 97 4076 a
151 3913 1220 4116 nillilcalmillllllillleetilmlllll?

206 4110 504 4195 maamasmrla
570 4157 572 4162 '
703 4112 733 4191 B
904 4143 908 4150 ¹
1067 4117 1167 4211 ”qui
