2825 4709
95 677 103 736 i

331 355 493 451 Lrpen
518 353 590 434 vl.
616 374 678 450 ns
705 313 1049 456 vnnoCutsu.
1073 433 1076 438 ,
1103 375 1106 380 ·
1147 364 1226 464 367¹

235 517 354 595 Nullis
374 522 482 615 igitur
500 538 545 589 ex
561 518 667 590 rebus
686 483 757 591 tam
777 518 923 610 probari
939 519 972 591 dc
988 499 1136 616 intelligi
1151 544 1219 618 po·

156 620 247 714 test,
274 622 377 693 Deos
391 622 498 708 istos,
526 638 607 689 cum
628 617 819 709 aliquando
842 619 1022 712 vixerint,
1048 637 1216 698 mortuos

156 720 249 810 effe,
276 740 378 811 quam
394 740 439 791 ex
453 716 529 811 ipso
545 718 636 807 ritu,
663 720 723 808 qui
732 716 789 790 est
803 732 942 792 totone
957 734 1064 798 terra.
1115 721 1225 820 Quid·

155 824 251 896 enim
277 817 424 891 coelestis
440 821 475 891 in
493 817 528 890 se
543 818 632 888 boni
656 816 774 909 potest
792 818 927 891 habere
944 819 1120 910 pecudum
1140 818 1217 894 san·

153 916 392 1019 guiseffusus‚
419 939 492 1009 quo
507 936 581 989 aras
596 915 809 1009 inquinant?
832 917 893 992 nili
911 917 1009 991 forte
1021 917 1123 992 Deos
1139 920 1214 996 exi·

154 1021 296 1095 stimant
306 1039 351 1091 eo
363 1015 472 1109 vesci,
483 1016 581 1108 quod
597 1018 759 1090 homines
777 1013 1007 1110 aspernantur
1022 1022 1213 1115 attingere.
1302 1044 1305 1050 ·

153 1118 205 1192 Et
222 1118 378 1209 quisquis
394 1118 462 1189 illis
478 1118 569 1189 hanc
584 1112 735 1212 saginam
748 1117 962 1211 praestiterit,
976 1120 1136 1208 quamvis
1150 1121 1214 1194 ille
1257 1169 1260 1174 -

153 1215 345 1315 grassator,
373 1217 531 1307 adulter,
559 1214 768 1307 veneficus,
794 1216 969 1307 parricida
994 1218 1059 1307 sit,
1085 1220 1223 1294 beatus

152 1340 196 1390 ac
213 1317 298 1390 felix
314 1318 393 1391 erit.
425 1317 535 1390 Hunc
545 1317 714 1412 diligunt,
741 1318 1015 1402 hunctuentur;
1040 1319 1211 1395 hnicom.

149 1422 232 1508 nia,
257 1418 551 1514 quae'optaverit,
578 1414 750 1507 praestant.
759 1415 897 1486 Merito
907 1436 995 1511 ergo
1004 1415 1138 1492 Perfius
1148 1419 1212 1509 hu·
1302 1431 1305 1438 '

147 1517 307 1612 jusmodi
325 1514 591 1609 superstitiones
607 1512 671 1587 suo
685 1535 788 1586 more
804 1513 961 1587 deridet:

251 1658 264 1673 -
315 1657 327 1671 ·
377 1657 390 1673 ·
430 1607 516 1708 'Qua
541 1632 599 1704 tu,
626 1618 753 1711 inquit,
779 1618 911 1685 mercede
938 1622 1075 1686 Deorum
1174 1685 1185 1722 Ι

256 1717 378 1801 Emeris
403 1717 555 1786 auriculas
567 1736 581 1802 ,·
605 1715 751 1811 pulmone
775 1714 814 1789 sl
838 1711 970 1788 infidus
991 1710 1129 1789 cussis?

148 1816 334 1890 sentiebat
343 1816 526 1905 videlicet,
536 1835 612 1887 non
628 1830 734 1887 carne
751 1833 843 1906 opus
858 1808 983 1887 ellead
1001 1815 1208 1908 placandam

148 1916 326 1989 coelestem
341 1915 579 2007 majestatem,
605 1914 663 1986 led
678 1927 801 1986 mente
816 1911 949 2004 santia,
971 1914 1010 1986 dt
1024 1914 1119 2006 justo
1135 1917 1209 1990 ani·

148 2038 236 2105 mo,
264 2012 478 2108 &pestore,
492 2023 544 2085 fut
568 2010 641 2103 ipse
661 2015 731 2102 ait,
758 2013 855 2104 quod
871 2016 1021 2087 naturali
1036 2014 1080 2087 srt
1094 2018 1209 2090 hone·

147 2115 238 2189 state
256 2115 477 2208 generosum.
529 2110 615 2183 llaec
631 2108 681 2183 est
696 2111 824 2206 religio
841 2112 1009 2203 coelestis,
1036 2136 1111 2188 non
1130 2137 1208 2206 quae

148 2211 291 2286 constat
305 2234 349 2284 ex
364 2214 471 2283 rebus
486 2213 688 2305 corruptis,
715 2209 771 2283 sed
788 2214 1074 2303 quae·virtutibus
1084 2218 1206 2310 animi,

147 2314 208 2405 qui
222 2314 338 2385 oritur
354 2334 375 2386 e
392 2315 496 2385 coelo.
512 2309 594 2390 ,Hic
610 2330 717 2383 verus
732 2310 782 2383 est
797 2312 936 2407 cultus,
961 2312 1087 2401 inquo
1104 2333 1206 2390 mens

145 2415 300 2487 colentis
316 2410 456 2508 seipsam
470 2410 552 2483 Deo
569 2412 825 2483 immaculatam
836 2409 1113 2487 vidiimamfistit.
1161 2412 1206 2486 ld

148 2528 266 2585 autem
278 2511 386 2603 ipsum
407 2508 593 2604 quomodo
610 2509 912 2603 consequendum,
922 2510 1109 2602 quomodo
1119 2503 1208 2605 prae.

145 2611 306 2685 standum
321 2611 383 2701 sit,
410 2610 560 2682 docebit
575 2609 679 2699 hujus
695 2609 775 2680 libri
791 2607 994 2699 disputatio.
1001 2609 1101 2683 Nihil
1111 2611 1207 2688 enim

145 2729 218 2785 tam
239 2714 465 2804 praeclarum,
492 2710 700 2798 hominique
727 2712 952 2783 conveniens
977 2709 1096 2805 potest
1119 2710 1205 2806 else,

145 2832 251 2902 quam
267 2812 407 2882 erudire
423 2810 585 2881 homines
601 2808 643 2879 ad
656 2806 835 2899 justitiam.

220 2907 327 3002 Apud
353 2905 564 2980 Ciceronem
592 2905 739 2979 Catulus
764 2911 800 2980 in
825 2903 1021 2982 Hortensio
1043 2906 1202 3000 philoso-

143 3008 264 3102 phiam
290 3009 396 3079 rebus
424 3008 589 3080 omnibus
614 3005 831 3099 preferens,
857 3010 961 3081 malle
978 3004 1014 3082 se
1032 3010 1119 3082 dicit
1139 3009 1202 3088 vel

143 3129 255 3180 unum
266 3127 415 3198 parvum
430 3107 474 3180 de
491 3103 624 3177 Officio
639 3108 817 3194 libellum,
844 3128 954 3197 quam·
962 3111 1104 3203 longam
1119 3127 1201 3180 ora·

140 3209 281 3280 tionem
302 3228 368 3301 pro
384 3204 551 3279 seditioso
569 3205 714 3298 homine
731 3202 916 3281 Cornelio.
926 3210 1018 3305 Quae
1028 3206 1201 3284 sententis

142 3328 220 3380 non
240 3308 364 3396 utique
381 3303 518 3395 Catuli,
546 3304 606 3396 qui
631 3301 776 3377 fortalle
797 3305 883 3377 illud
907 3327 982 3379 non
1006 3307 1115 3393 dixit,
1136 3304 1218 3381 ,sed

142 3406 331 3479 Ciceronis
347 3405 397 3478 est
413 3405 589 3498 putanda,
615 3404 673 3494 qui
690 3402 833 3496 scripfit.
863 3401 1000 3497 Credo,
1016 3421 1057 3477 ut
1071 3406 1199 3496 libros,

144 3519 237 3597 quos
264 3506 309 3577 de
335 3499 471 3577 (illiciis
499 3517 577 3577 etat
601 3500 817 3597 scripturus,
843 3506 1132 3579 commendaret:
1163 3508 1200 3584 iu

143 3607 271 3695 quibus
281 3605 359 3697 ipsis
375 3599 461 3676 nihil
479 3601 549 3676 elle
565 3601 712 3676 testatur
726 3604 763 3675 in
781 3605 880 3676 omni
894 3603 1119 3698 philosophia
1129 3625 1200 3678 me·

140 3705 209 3776 lius
227 3704 260 3776 dr
279 3704 508 3794 frustuos1us‚
530 3720 828 3797 quampraecepta
840 3706 1031 3778 vitaedare.
1085 3703 1199 3799 Quod
1318 3717 1321 3722 '

141 3802 166 3876 si
194 3804 267 3876 hoc
293 3805 341 3875 illi
360 3801 515 3892 faciunt,
542 3804 668 3892 quibus
694 3820 771 3875 non
797 3800 848 3875 est
872 3806 1005 3877 veritas
1031 3808 1199 3899 cognitap

141 3917 277 3993 quanto
293 3905 400 3994 magis
419 3922 487 3974 nos
501 3901 621 3973 facere
636 3902 827 3992 debemus,
854 3907 912 3993 qui
929 3927 947 3975 a
964 3904 1048 3976 Deo
1068 3903 1200 3978 eruditi

139 4001 377 4080 &illuminati
387 3999 570 4112 possumus
586 4019 673 4086 vcra
682 4001 905 4097 preciperet
927 4002 1200 4178 Nectadrgffifip
1318 4065 1322 4078 .
