2825 4709
220 395 294 466 2²4
316 365 752 451 taruannensem
773 382 925 456 muru.
938 365 1204 458 summum*

219 547 264 620 to
291 531 521 627 sapientiores
541 527 802 618 inveniuntur,
817 501 889 620 ¹qui
910 526 946 604 se
968 531 1083 622 aliqua
1105 552 1150 605 ex
1172 525 1285 627 parto

222 635 415 728 viderunt,
440 653 546 728 quarn
557 631 628 723 illi,
654 630 714 722 qui
729 628 765 704 se
776 625 898 724 sapere
911 629 1148 740 crediderant,
1280 661 1288 730 '.
1318 661 1323 672 .

560 967 827 1046 CAPUT
875 967 927 1048 11.

229 1136 293 1214 Uis·
303 1133 467 1237 pamla
475 1130 519 1230 fit
526 1130 712 1230 fhpimtias
735 1156 834 1232 qum
851 1132 1043 1230 Pythagoras
1056 1129 1097 1213 (5
1112 1134 1283 1210 russam

230 1263 243 1292 ·-
304 1309 306 1314 ,
386 1263 388 1268 ·
479 1287 482 1294 .
527 1229 948 1332 'ncrfflratrtadJudetu
1050 1293 1054 1308 ,

221 1429 470 1612 Gummi
492 1449 611 1524 neque
631 1431 680 1518 illi
705 1429 808 1508 fuere
828 1429 1026 1528 sapientes,
1051 1433 1110 1526 qui
1126 1427 1204 1506 stant
1218 1453 1282 1526 ap·

340 1533 481 1626 paliati,
506 1552 624 1624 neque
640 1531 882 1625 posteriores,
908 1535 1064 1625 quinon
1090 1533 1284 1606 dubitave-

217 1651 303 1712 runt
318 1632 549 1724 insipientiam
565 1629 751 1705 confiteri:
777 1633 861 1723 quid
876 1631 1049 1726 superest,
1064 1631 1124 1706 uisi
1139 1648 1176 1704 ut
1194 1631 1279 1706 alibi

217 1736 264 1814 fit·
278 1732 466 1827 quaerenda
483 1729 669 1822 sapientia,
695 1730 839 1822 quando
863 1741 939 1805 rlon
963 1731 1034 1823 est,
1060 1733 1120 1805 ubi
1138 1752 1280 1822 quare·

217 1836 344 1921 batur,
370 1827 545 1904 inventas
596 1829 693 1929 Quid
710 1845 1013 1923 autem-putemus
1027 1830 1127 1906 fuisse
1142 1834 1276 1925 cauiae,

219 1955 285 2008 cur
304 1945 364 2004 tot
384 1928 532 2024 ingeniis
555 1939 686 2020 totque
703 1931 925 2026 temporibus
949 1927 1084 2005 summo
1104 1929 1223 2004 studio
1241 1930 1282 2004 dt

218 2035 345 2118 labore
364 2027 504 2119 quaesita
519 2047 595 2100 non
611 2030 849 2122 reperiretur3
875 2029 936 2105 nisi
952 2031 1048 2123 quod
1064 2052 1141 2104 eam
1160 2029 1279 2124 philo·

219 2131 323 2224 sophi
339 2141 441 2202 extra
457 2120 546 2200 fines
563 2124 644 2201 suos
663 2128 900 2220 quaesrerunti
926 2132 999 2232 Qui
1014 2132 1183 2223 quoniam
1196 2149 1277 2223 per·
1308 2133 1311 2138 '

219 2233 348 2326 agratis
366 2226 399 2300 dt
417 2227 613 2319 exploratis
633 2227 814 2318 omnibus,
831 2248 1004 2322 nusquam
1020 2232 1124 2304 ullam
1142 2229 1277 2323 sapien·

217 2334 303 2406 dam
321 2326 690 2419 comprehenderunt,
717 2329 902 2402 &alicubi
925 2326 995 2404 else
1018 2313 1110 2404 illam
1133 2326 1276 2402 necesse

218 2430 293 2518 est;
320 2440 489 2526 apparet,¹
514 2425 587 2500 illic
609 2424 823 2519 potiffimum
846 2426 916 2502 esse
942 2429 1184 2520 quaerendam,
1210 2428 1276 2501 ubi

218 2527 375 2606 stultitiae
393 2526 516 2598 titulus
535 2538 701 2618 apparet3
728 2528 828 2619 eujus
849 2527 1058 2602 velamento
1082 2529 1201 2619 Deus,
1227 2549 1276 2600 ne

220 2648 384 2704 arcanum
404 2621 452 2698 sui
471 2624 584 2697 divini
601 2629 720 2718 operis
737 2628 772 2700 iu
790 2630 985 2722 propatulo
1008 2624 1113 2718 esset,
1140 2625 1279 2700 thesau-

217 2749 296 2802 rum
317 2724 494 2819 sapientiae
510 2745 552 2811 ac
566 2726 730 2797 veritatis
749 2724 943 2801 abscondit.
983 2726 1092 2800 Unde
1110 2729 1274 2816 equidem

217 2823 321 2902 soleo
344 2825 485 2915 mirari,
511 2825 703 2916 quodcum
720 2823 940 2922 Pythagoras
960 2824 994 2898 dt
1011 2826 1132 2919 postea
1148 2825 1276 2919 Plato,

219 2946 343 3000 amore
360 2922 564 3019 indaganda
578 2925 741 2997 veritatis
757 2927 913 3015 accensi,
940 2928 981 2998 ad
997 2925 1213 3021 AEgyptios,
1241 2925 1278 2998 dc

217 3021 375 3122 Magos,
402 3021 567 3096 &Persas
581 3022 690 3115 usque
702 3023 963 3117 penetrassent,
989 3040 1030 3097 ut
1050 3044 1169 3098 earum
1191 3045 1278 3119 gen·

217 3127 306 3199 tium
318 3127 406 3197 ritus
422 3123 455 3196 dt
471 3120 567 3195 sacra
583 3123 860 3219 cognoscerent,
873 3121 1276 3219 (suspicabanturenim,

215 3225 419 3318 sapientiam
436 3226 474 3296 in
490 3220 682 3318 Religione
697 3222 849 3321 versari)
870 3224 913 3297 ad
921 3225 1063 3320 Judaeos
1073 3241 1275 3298 tamennon

219 3323 443 3418 accesserint,
470 3343 579 3416 penes
597 3343 687 3414 quos
703 3338 791 3396 tunc
809 3321 905 3396 solos
922 3339 1015 3406 erat,
1042 3324 1073 3396 dr
1095 3344 1166 3413 quo
1188 3323 1276 3395 saci·

216 3425 284 3502 lius
310 3425 363 3499 ire
390 3420 595 3517 potuissent.
648 3422 718 3497 Sed
733 3422 876 3495 aversos
898 3421 966 3495 else
981 3424 1137 3497 arbitror
1151 3422 1278 3499 divina

217 3522 470 3620 providentia,
496 3543 543 3596 ne
566 3521 654 3595 scire
674 3520 816 3616 possent
837 3525 1047 3609 veritatemr
1083 3525 1163 3613 quia
1182 3543 1277 3594 non·

217 3624 301 3696 dum
317 3624 368 3696 sas
386 3638 482 3714 erat,
508 3621 712 3715 alienigenis
734 3621 937 3696 hominibus
952 3618 1179 3717 Religionem
1201 3619 1276 3695 Dei

216 3724 297 3795 veri
320 3720 557 3815 justitiamque
584 3719 783 3797 notescere.
832 3720 1014 3794 Statuerat
1034 3722 1128 3794 enim
1152 3711 1275 3814 Dbus,

217 3824 528 3914 appropinquante
542 3819 668 3893 ultimo
688 3834 866 3913 tempore,
874 3820 1014 3894 Ducem
1027 3842 1190 3917 magnum
1206 3842 1277 3900 cue·⁴

217 3920 302 3996 litus
319 3924 481 4011 mittere,
507 3920 567 4011 qui
584 3941 659 3995 eam
675 3913 814 4013 perfido
830 3920 1042 4016 ingratoque
1059 3923 1198 4013 populo
1214 3925 1278 3992 ab·

210 4020 342 4120 hum,
368 4022 501 4099 exteris
519 4019 686 4123 gentibus
700 4023 893 4118 revelaret.
942 4024 1025 4119 Qua
1040 4020 1085 4095 de
1103 4020 1277 4190 reinlpoc
