2825 4709
192 361 262 486 gob
287 383 406 460 rmu
442 353 724 457 Lnornnrrr
747 387 897 459 nrvrm
923 377 1166 463 Intrare-rr.

191 549 360 638 stientia,
388 545 442 638 o,
469 558 511 616 ut
526 565 594 642 ego
610 545 788 637 arbitror,
814 541 922 636 Deo,
940 541 1078 640 suscepi
1094 545 1168 620 hoc
1181 566 1261 620 mu·

192 672 276 740 ntis,
296 663 337 719 ut
352 645 517 720 omnibus
533 645 663 740 ingenii
680 645 750 717 mei
770 644 906 718 viribus
923 643 1146 718 accusatores
1158 645 1260 738 justi·

192 753 252 825 tiae
266 745 475 821 refutarem:
502 765 577 818 non
595 757 635 815 ut
652 758 781 818 contra
798 742 867 817 hor
882 743 1086 834 scriberem,
1096 747 1154 834 qui
1171 768 1258 838 pau·

191 847 243 934 cie
264 847 383 928 verbis
399 844 517 918 obteri
535 857 726 936 poterant3
753 839 812 916 sed
827 857 868 916 ut
883 863 1024 936 omnes,
1042 846 1101 935 qui
1121 847 1258 936 ubique

190 943 286 1023 idem
303 945 422 1038 operis
440 939 616 1024 efficiunt,
642 955 703 1014 aut
723 939 946 1028 effecerunt,
967 964 1042 1016 uno
1063 941 1169 1016 semel
1191 947 1257 1020 im·

133 1075 136 1092 ·
190 1039 530 1144 petuprofligarem.
554 1039 643 1116 Non
661 1041 923 1132 dubitamini,
950 1043 1035 1134 quin
1055 1041 1160 1116 &alii
1177 1046 1257 1139 plu·

190 1145 293 1240 rimi,
321 1143 498 1216 &multis
524 1141 561 1232 in
586 1141 701 1232 locis,
728 1139 858 1217 &non
874 1143 988 1216 modo
1008 1141 1166 1232 Graecis,
1193 1142 1256 1219 sed

192 1251 298 1322 etiam
317 1237 452 1314 Latinis
471 1239 615 1331 litteris,
629 1241 887 1324 monimentum
903 1239 1155 1333 iniustitiaesuae
1168 1242 1256 1316 stru·

190 1333 329 1440 inerint:
357 1343 484 1434 quibus
504 1339 643 1435 lingulis
663 1341 833 1432 quoniam
853 1337 1071 1434 respondere
1092 1363 1167 1415 non
1183 1366 1257 1436 po.

188 1441 323 1524 turam,
348 1443 395 1515 stc
417 1441 586 1537 agendam
606 1441 689 1517 mibi
708 1439 801 1514 hanc
817 1435 954 1513 causam
977 1442 1124 1534 putavi,
1150 1456 1192 1516 ut
1218 1443 1255 1519 ἂ

187 1549 328 1642 priores
350 1561 429 1614 cum
447 1542 612 1614 omnibus
631 1537 699 1614 suis
716 1537 853 1638 scriptia
867 1556 1133 1633 perverterem,
1154 1541 1254 1615 &fu-

188 1649 279 1717 turis
296 1661 439 1716 omnem
451 1641 656 1714 facultatem
666 1637 840 1713 scribendi
856 1654 916 1711 aut
930 1637 1165 1733 respondendi
1179 1663 1252 1717 am·

187 1761 363 1840 putarem.
418 1739 601 1815 Praebeant
614 1738 727 1810 modo
744 1759 866 1812 aures:
893 1737 1039 1812 efficiam
1059 1737 1253 1834 profedlo,

186 1863 224 1916 ur
256 1844 470 1934 quicumque
496 1837 559 1912 rsta
585 1842 822 1932 cognoverit,
856 1852 918 1912 aut
942 1837 1122 1932 suscipiat,
1150 1841 1254 1931 quod

186 1959 272 2015 ante
297 1941 499 2026 damnavit,
522 1953 608 2027 aut,
636 1935 735 2026 quod
760 1935 811 2011 est
836 1941 1059 2031 proximum,
1087 1938 1249 2015 deridere

188 2039 379 2130 aliquando
398 2037 545 2110 desistat.
597 2039 810 2136 Quanquam
824 2035 1070 2112 Tertullianus
1091 2040 1249 2114 eamdem

186 2135 323 2214 causam
341 2139 447 2230 plene
457 2137 688 2230 peroraverit
698 2138 735 2209 in
753 2159 800 2210 eo
815 2139 933 2229 libro,
961 2140 1017 2212 cui
1030 2137 1248 2233 Apologeti·

184 2262 234 2314 co
251 2258 384 2310 nomen
399 2235 466 2308 est:
493 2251 611 2308 tamen
625 2237 796 2327 quoniam
812 2237 905 2310 aliud
921 2234 985 2327 est,
999 2235 1247 2312 accusantibus

183 2335 424 2430 respondere,
452 2336 548 2426 quod
576 2337 612 2406 in
637 2334 843 2420 defensione
868 2350 930 2428 aut
951 2339 1142 2431 negatione
1167 2337 1244 2410 sola

184 2439 341 2534 politum
361 2436 431 2526 est,
459 2436 551 2506 aliud
577 2431 779 2525 instituere,
808 2436 904 2525 quod
924 2457 992 2507 nos
1012 2436 1179 2526 facimus,
1206 2438 1247 2511 in

183 2560 257 2629 quo
277 2534 416 2608 neceffe
436 2534 485 2608 est
505 2531 672 2607 dodtrinae
687 2537 799 2606 totius
812 2534 1034 2608 substantiam
1051 2537 1246 2629 contineri,

182 2659 259 2712 non
287 2636 403 2729 defugi
433 2639 528 2706 lrunc
552 2636 736 2726 laborem,
761 2649 804 2705 ut
828 2635 1010 2725 implerem
1037 2638 1245 2729 materiam,

182 2757 288 2827 quam
303 2732 502 2827 Cyprianus
522 2753 597 2804 non
614 2750 789 2805 executus
804 2733 854 2806 est
872 2735 908 2805 in
929 2756 969 2806 ea
983 2735 1165 2820 oratione,
1175 2756 1246 2825 qua

180 2835 474 2920 Demetrianum,
499 2830 680 2922 sicutipse
700 2833 770 2923 ait,
797 2835 1035 2906 oblatrantem
1053 2850 1162 2923 atque
1178 2837 1243 2905 ob-

178 2933 397 3025 strepentem
417 2934 560 3003 veritati
576 2931 789 3026 redarguere
809 2950 979 3004 conatur:
1007 2955 1074 3022 qua
1093 2936 1244 3006 materia

178 3055 256 3107 non
273 3032 324 3106 est
342 3029 487 3120 usus,ut
503 3032 645 3116 debuit3
672 3052 747 3102 non
767 3032 859 3105 enim
876 3031 1067 3124 Scriptura
1085 3031 1243 3105 testimo·

177 3134 267 3224 niis,
295 3153 398 3221 quam
419 3132 478 3203 ille
494 3132 618 3217 utique
633 3150 774 3216 vanam,
791 3125 920 3221 fidiam,
939 3126 1242 3203 commentitiam·

178 3256 249 3323 que
275 3231 446 3325 putabat,
473 3228 530 3300 sed
550 3231 765 3322 argumentis
789 3231 822 3299 dr
841 3233 981 3303 ratione
998 3230 1116 3303 fuerat
1133 3229 1239 3302 refel·

176 3330 316 3405 lendus.
370 3327 461 3400 Nam
481 3348 563 3397 cum
582 3343 707 3420 ageret-
726 3345 854 3401 contra
869 3331 1052 3403 hominem
1075 3329 1236 3402 ueritatis

174 3433 351 3527 ignarum,
368 3427 482 3497 dilatis
503 3425 678 3518 paulisper
693 3427 822 3500 divinis
838 3428 1061 3519 leolionibus,
1080 3428 1239 3502 formare

175 3529 274 3603 hunc
290 3549 308 3598 a
323 3526 501 3618 principio
525 3539 691 3617 tanquam
712 3528 834 3601 rudem
851 3529 995 3619 debuit,
1023 3531 1128 3619 eique
1153 3550 1240 3621 pau·

174 3629 273 3702 latim
289 3629 376 3697 lucis
392 3626 566 3720 principia
580 3623 799 3709 monstrare,
826 3647 873 3700 ne
886 3641 972 3701 toto
987 3629 1121 3702 lumine
1134 3632 1239 3722 obje-

174 3727 234 3801 &o
250 3729 428 3822 caligaret.

246 3825 341 3898 Nam
366 3825 454 3897 sicut
474 3823 590 3896 infans
618 3823 720 3896 solidi
742 3845 785 3895 uc
800 3824 907 3897 fortis
927 3826 997 3898 cibi
1015 3846 1144 3918 capere
1160 3826 1240 3904 vim

172 3948 249 3998 non
274 3920 395 4017 potest
419 3925 468 3994 ob
496 3923 667 3996 stomachi
693 3926 992 4017 teneritudinem,
1020 3922 1078 3998 sed
1093 3927 1239 4016 liquore

160 4025 265 4100 laclia
284 4046 332 4106 ac
354 4023 583 4098 mollitudine
609 4022 739 4118 alitur,
763 4023 885 4100 donec
907 4021 1055 4101 firmatis
1080 4027 1238 4199 virpbus,
1300 4015 1304 4022 ’

239 4155 241 4160 ·
1086 4143 1186 4199 vect
