2825 4709
187 358 265 452 50⁶
288 355 421 434 Fiam
445 355 711 436 Lacruurur
728 380 883 438 nrum.
904 356 1151 443 Insrrrur.

189 517 363 613 quando,
387 517 452 594 ista
469 540 548 613 que
565 519 718 597 diximus
733 575 746 617 ,
779 522 847 598 fint
864 523 994 601 futura
1046 525 1128 621 Jam
1147 523 1248 623 supe·

188 611 265 693 rius
290 617 449 714 ostendi,
474 623 664 715 completis
686 643 859 699 annorum
880 625 940 697 iex
957 625 1117 724 millibus
1135 641 1246 702 muta·

187 719 329 794 tionem
345 716 535 806 istamiieri
552 737 746 815 oportere,
767 720 881 816 &jam
896 726 1145 821 propinquare
1161 722 1247 802 sum-

185 838 285 894 mum
309 820 410 893 ilium
436 821 675 895 conclurionis
701 836 868 897 extremae
893 825 998 899 diem.
1057 824 1121 900 De
1143 827 1246 923 signis

187 937 267 1011 qun
282 917 444 1012 praedidta
456 917 537 992 sunt
554 942 574 993 a
589 923 796 1015 prophetis,
822 925 909 1012 licet
923 923 1096 1014 noscere,
1123 928 1248 1018 praedi·

184 1032 319 1094 xerunt
339 1020 433 1093 enim
450 1017 565 1115 signa,
597 1022 724 1113 quibus
743 1020 1001 1097 consummatio
1021 1039 1246 1119 temporum,

186 1117 455 1214 &expedienda
471 1119 513 1194 itt
533 1120 640 1193 nobis
658 1121 696 1194 in
714 1121 868 1218 singulos
887 1125 984 1211 dies,
1019 1123 1053 1196 u
1074 1128 1244 1199 timenda.

186 1220 344 1320 Quando
365 1231 486 1293 tamen
513 1221 737 1315 compleatur
759 1223 835 1294 haec
863 1220 1020 1315 summa,
1055 1225 1198 1298 docent
1220 1226 1244 1298 ii

184 1319 313 1415 qui-de
326 1318 549 1414 temporibus
565 1317 797 1414 scripserunt,
824 1323 1038 1418 colligentes
1056 1345 1102 1396 ea
1123 1347 1168 1398 ex
1189 1325 1245 1398 lit·

184 1421 271 1498 teris
286 1417 430 1513 sentiit,
457 1419 493 1494 dt
508 1441 554 1494 ex
571 1421 678 1493 variis
693 1418 868 1516 historiis,
894 1436 1048 1514 quantus
1062 1423 1109 1496 fit
1123 1445 1245 1498 nume-

183 1539 244 1612 rus
264 1541 440 1594 annorum
456 1520 500 1592 ab
517 1520 671 1593 exordio
688 1521 828 1594 mundi:
853 1522 912 1612 qui
928 1521 1015 1595 licet
1029 1524 1192 1615 varient,
1211 1523 1245 1597 dt

183 1621 400 1713 aliquantum
416 1620 554 1692 numeri
568 1639 694 1693 eorum
705 1618 837 1695 summa
849 1618 1040 1712 diiientiat,
1056 1624 1179 1697 omnis
1194 1625 1244 1696 ta'·

181 1741 265 1797 men
284 1717 485 1813 expediatio
502 1739 579 1792 non
597 1721 746 1812 amplius
761 1739 864 1811 quam
881 1721 1128 1796 ducentorum
1144 1723 1244 1796 vide·

180 1835 240 1894 tur
258 1838 443 1893 annorum.
501 1815 619 1892 Etiam
640 1839 697 1892 res
713 1817 787 1911 ipsa
805 1820 983 1910 declarat,
1009 1820 1151 1912 lapsum
1169 1823 1242 1894 rui·

177 1939 331 2014 namque
352 1938 470 1992 return
493 1918 604 1994 brevi
622 1917 723 1998 fore:
754 1919 818 1993 nisi
840 1918 1136 2010 quodincolumi
1153 1923 1242 1996 urbe

179 2017 299 2093 Roma
318 2015 406 2089 nihil
425 2015 623 2090 istiusmodi
640 2017 787 2108 videtur
805 2017 873 2108 ¹effe
889 2020 1141 2108 metuendum.
1191 2017 1244 2094 At

179 2137 274 2191 vero
290 2125 371 2188 tum
385 2132 492 2210 caput
506 2116 594 2188 iliud
608 2117 707 2189 orbis
723 2118 912 2209 occiderit,
932 2118 966 2190 u
981 2112 1072 2215 ῥυμη
1087 2117 1161 2193 effe
1176 2141 1244 2191 coe·

179 2219 297 2314 perit,
323 2215 421 2307 quod
436 2217 579 2307 sibyllae
595 2216 679 2289 fore
694 2216 833 2307 aiunt-5·
843 2219 920 2307 quis
942 2216 1088 2291 dubitet
1105 2217 1244 2293 veniiie

175 2317 250 2410 jarn
269 2313 378 2390 finem
400 2317 507 2389 rebus
531 2315 719 2406 humanis,
746 2317 900 2407 orbique
919 2317 1130 2396 terrarum?
1164 2319 1243 2412 lila,

176 2417 239 2491 illa
255 2415 306 2490 est
324 2416 473 2507 civitas,
499 2435 577 2509 quae
595 2414 711 2487 adhuc
729 2412 899 2489 sustentat
918 2417 1063 2505 omnia3
1092 2437 1244 2510 precan-

177 2516 316 2609 dusque
336 2514 444 2589 nobis
466 2514 502 2588 dt
523 2514 723 2586 adorandus
744 2512 795 2587 est
813 2514 914 2588 Deus
934 2516 1037 2607 coeti,
1070 2516 1098 2588 ii
1121 2531 1242 2591 tamen

174 2613 306 2690 statuta
319 2617 395 2708 ejus
413 2614 592 2710 &placita
607 2611 742 2685 differri
755 2612 918 2706 poffunt,
943 2634 991 2687 ne
1009 2614 1120 2688 citius
1139 2638 1245 2709 quam

174 2727 343 2810 putemus
365 2729 538 2806 tyrannus
558 2713 618 2785 iile
637 2713 881 2786 abominabilis
900 2714 1045 2793 veniat,
1070 2717 1139 2806 qui
1165 2733 1241 2790 tan-

174 2825 253 2888 tum
272 2814 411 2888 facinus
434 2815 603 2888 moliatur
622 2833 664 2883 ac
682 2813 803 2885 lumen
824 2811 913 2885 illud
933 2810 1112 2907 effodiat,
1142 2818 1243 2909 cujus

174 2907 326 2987 int'eritu
349 2913 500 2988 mundus
524 2908 596 3005 ipse
616 2909 774 3004 lapsurus
795 2910 856 2987 est.
906 2910 1018 2984 Nunc
1041 2916 1086 2988 ad
1109 2930 1245 2991 caetera

173 3015 385 3106 exequenda
398 3012 607 3105 redeamus,
632 3032 711 3103 quae
728 3010 896 3105 deinceps
912 3009 1077 3086 secutura
1094 3011 1195 3090 sunt.

173 3212 1239 3264 ὴ--Ι--υ--ι--ι--ι-ψ

462 3295 732 3409 carun
781 3331 935 3408 xxvr.

237 3459 292 3546 De
316 3457 462 3528 damnatis
486 3452 664 3548 emiffion'e,
687 3439 847 3551 alteroque
871 3456 1007 3524 maximo
1026 3455 1173 3552 judicio.

171 3618 380 3792 Diximus
396 3618 506 3711 paulo
525 3630 628 3710 ante,
654 3616 690 3689 in
704 3614 882 3708 principio
898 3613 998 3709 regni
1014 3609 1125 3689 santii
1144 3619 1243 3717 fore,

275 3733 361 3792 uta
383 3716 467 3790 Deo
490 3718 657 3811 princeps
682 3718 882 3789 daemonum
907 3712 1104 3789 vinciatur.
1169 3720 1241 3796 Sed

169 3816 291 3909 idem,
324 3838 404 3890 curn
427 3817 524 3889 miile
545 3820 624 3890 anni
644 3818 771 3909 regni,
802 3813 876 3885 hoc
898 3810 948 3883 est
970 3809 1107 3903 septem
1127 3821 1239 3893 miliia

169 3917 346 4008 eoeperint
358 3915 560 3993 terminari,
579 3914 740 3989 solvetur
752 3914 894 4003 denuo,
912 3910 944 3982 dt
961 3910 1124 4009 custodia
1139 3918 1240 3991 ernis·

167 4011 226 4092 sus
243 4017 380 4108 exibit3
408 4030 515 4112 atque
531 4035 655 4094 omnes
672 4025 823 4115 gentes,
849 4031 926 4107 quae
941 4024 1164 4186 tuncderunt
1178 4018 1239 4093 sub

1063 4127 1192 4192 rtrone
