2825 4709
481 384 790 493 ἘΙ
1100 379 1331 478 mu*

142 557 209 641 tu'o
222 553 428 657 Veterum,
445 545 660 656 Hieronymi
675 559 867 655 praesertim
884 559 918 634 dr
934 555 1131 659 Augustini,
1146 545 1215 639 sed·

140 689 247 764 ctiam
270 682 346 777 ipsa
368 682 555 758 allirtarum
576 684 698 756 talium
718 684 941 776 impietatum
961 696 1088 756 natura
1104 685 1137 756 dc
1153 687 1209 758 in·

138 805 246 896 dole,
274 824 355 878 non
381 804 475 875 enirn
499 807 713 897 perturbant
735 802 848 877 modo
870 800 1052 895 scriptoris
1076 803 1207 879 sermo·

136 947 243 1020 nem,
272 941 403 999 verum
420 922 528 999 etiam
553 924 628 1016 ejus
652 919 821 998 doctrinae
843 924 951 1020 plane
968 921 1047 997 sunt
1061 937 1207 998 contrat
1294 909 1298 921 ’

119 1047 206 1146 :riae'
276 1093 280 1100 ⁵
308 1065 312 1072 Ι
395 1081 400 1100 ⁸
552 1027 554 1030 Ι

210 1161 303 1237 Nec
318 1183 401 1238 cum
415 1166 553 1238 Arianis
569 1165 607 1237 in
624 1161 833 1258 explicanda
842 1159 957 1235 Verbi
972 1163 1208 1262 divinigene·

135 1284 286 1358 ratione
306 1285 443 1359 erravit
459 1283 686 1377 Ladantius,
711 1282 826 1356 minus
851 1282 971 1355 tamen
997 1284 1206 1381 theologice

136 1387 301 1477 locutos
320 1402 390 1478 est:
417 1402 716 1499 philosophorum
740 1401 913 1492 loquendi
935 1401 1213 1506 modisutitutq.

137 1523 237 1617 quod
262 1522 446 1598 interdum
473 1522 599 1597 evenit
619 1523 662 1595 iis
687 1522 896 1613 autoribus,
924 1523 982 1612 qui
996 1519 1082 1596 ante
1091 1503 1209 1598 Nlcae·

138 1663 223 1716 num
237 1639 458 1734 scripserunt
476 1641 693 1735 Concilium,
709 1639 1052 1734 quo'nondodlrina
1066 1655 1207 1720 tantum

140 1761 335 1842 catholica
349 1761 538 1836 dilucidius
554 1764 588 1837 dt
604 1764 766 1858 planius,
793 1775 896 1852 quarn
920 1762 1073 1836 antebac
1093 1767 1206 1857 expli-

142 1897 219 1956 cata
236 1881 314 1975 est,
331 1902 458 1955 verum
475 1883 580 1956 etiarn
601 1894 716 1955 voces
733 1878 902 1954 dodrinae
918 1879 1121 1956 Christianae
1133 1905 1207 1958 nra.

145 2002 241 2075 xime
257 2001 430 2075 consonae
442 1996 608 2076 ¹formatae
624 2000 724 2096 sunt,
751 1998 1011 2076 &constitute
1037 1985 1208 2077 Ceterum

144 2124 282 2214 verba,
309 2141 387 2214 quae
401 2122 439 2197 in
453 2142 530 2214 cap.
542 2144 575 2217 9.
585 2120 718 2197 Lib.Il.
727 2118 839 2195 Instit.
854 2119 936 2193 alias
954 2119 1142 2218 leguntur,
1163 2121 1205 2195 2&

116 2225 119 2276 3
142 2255 230 2316 arne
246 2242 345 2315 inter
360 2242 554 2315 varietates
576 2238 771 2315 leilionum
785 2253 1028 2333 reponentur,
1054 2239 1205 2316 Latitu-

110 2375 121 2430 .'
142 2359 179 2432 tii
201 2381 282 2434 non
302 2356 402 2456 sunt,
427 2381 496 2435 nec
511 2356 604 2433 enim
619 2360 657 2434 in
673 2358 825 2452 antiquis
841 2360 1008 2457 leguntur
1025 2362 1206 2454 exempla·
1293 2395 1297 2400 ·

119 2535 121 2540 .
144 2479 265 2572 ribus,
291 2502 361 2554 nec
376 2480 445 2554 illis
461 2480 640 2582 convenit
656 2500 739 2554 cum
755 2477 917 2572 dodisina
929 2475 1125 2573 Laclantii,
1145 2482 1206 2572 qui

145 2597 312 2674 Verbum
333 2599 406 2675 Dei
430 2596 542 2675 filium
568 2612 652 2672 ante
676 2597 792 2671 secula
813 2593 915 2672 fuilie
940 2598 1097 2692 genitum
1121 2618 1228 2692 pro·

146 2721 311 2814 nuntiat,
337 2717 422 2792 &in
441 2717 644 2794 universum
659 2716 854 2816 doctrinam
869 2716 1105 2810 Catholicarn,
1123 2740 1208 2811 qua-

148 2839 213 2911 lem
227 2858 308 2912 earn
320 2839 475 2933 reperias
483 2839 520 2911 in
528 2838 690 2912 Patribus
700 2836 875 2911 Antenn'c:
904 2836 1062 2932 atquein
1077 2840 1208 2932 proba·

150 2957 192 3028 tis
204 2959 351 3031 illorum
359 2970 562 3050 temporum
569 2957 799 3051 scriptoribus
805 2954 1071 3049 Ecdefiusticis,
1086 2960 1210 3034 multis

108 3135 110 3176 Ι
154 3076 275 3149 verbis
308 3076 494 3171 pradicant:
531 3092 573 3148 ut
597 3078 800 3169 exemplum
825 3075 1012 3151 adducam:
1043 3080 1207 3172 nunquid

153 3193 332 3289 scriptoris
351 3197 507 3288 apprime
523 3194 724 3288 Catholici,
749 3196 941 3270 &minime
955 3195 1078 3270 Ariani
1093 3201 1211 3274 verbs·

154 3315 230 3389 sunt
253 3317 317 3391 ista
338 3316 509 3409 excerpta
533 3340 572 3387 ex
598 3316 671 3388 Lib.
699 3320 766 3389 IV.
794 3314 869 3411 lost.
883 3334 946 3409 cop.
959 3335 1021 3413 29.
1039 3316 1078 3388 al
1091 3324 1213 3390 initias

156 3441 269 3524 „Cum
282 3438 412 3509 dicimus
427 3441 532 3509 Deum
548 3439 693 3526 Patroni,
719 3434 758 3511 ὅ
779 3438 883 3508 Deum
908 3437 1048 3527 dilium,
1074 3463 1140 3510 nnn
1162 3440 1211 3508 da

109 3569 116 3638 ,l
158 3558 276 3646 versum
288 3558 435 3643 dicimus,
460 3581 518 3628 mc
537 3571 705 3653 utrumque
718 3556 924 3649 secernimus,
949 3561 1024 3653 quia
1042 3581 1098 3629 mc
1114 3575 1211 3655 pater

107 3733 112 3808 ,
108 3643 293 3772 finefiiio
305 3674 360 3771 effe
370 3676 482 3773 polefl,
507 3702 564 3749 nec
572 3678 670 3769 filius
691 3703 712 3749 a
730 3692 823 3773 patre
833 3674 983 3765 faroni.-
1019 3677 1125 3744 Cum
1111 3680 1210 3770 agitur

106 3795 194 3882 U
202 3799 412 3896 palerfilium
419 3795 548 3891 faciat,
575 3796 712 3890 &filius
722 3813 865 3896 patrant,
890 3819 956 3867 uma
969 3798 1098 3892 utrique
1109 3819 1210 3887 mens,

104 3925 109 3958 ³
160 3941 241 3989 unus
253 3917 406 4014 spiritus,
419 3935 501 3990 ullu
517 3938 750 4013 suusTnNTIA
767 3918 851 4015 eft..
874 3914 1010 4006 ΜΗ
998 3939 1047 3984 rus
1059 3940 1094 3988 ac
1102 3932 1210 4013 poter,

102 4043 213 4154 an·
227 4042 394 4114 unanimes
409 4038 558 4115 incolunt
569 4041 737 4133 muudum,
758 4042 962 4168 Dmrunus,
984 4040 1060 4136 quia
1073 4033 1114 4116 (5
1126 4061 1211 4111 unus

1123 4137 1165 4237 ‘il
