2825 4709
222 371 492 474 Linaitlll.
513 395 568 452 ιιι
581 304 1108 472 anisi-Stennitiufitnios:
1131 309 1253 486 183¹

156 537 228 637 ipsa
243 539 349 614 etiam
366 540 457 633 sepe
472 538 604 632 templa
620 535 825 622 fulminibus
844 535 1077 668 conflagrare.
1097 536 1211 680 Quod

158 641 349 800 Lucretius
365 640 545 730 queritur,
571 655 651 710 cuin
667 636 755 710 dicit
768 636 813 708 de
831 627 934 712 uili·

389 690 549 812 ·Tiim.
558 734 704 829 [asinina
730 740 860 821 mittat,
874 736 928 813 U
953 738 1029 808 adas

257 845 279 914 1
271 835 323 935 pse
341 777 418 934 Ιιιιιι
442 836 609 933 δι’]ιιιιικις
634 836 712 912 U‘
699 859 736 908 m
761 835 879 926 desento
904 840 1055 925 recedens,

258 942 381 1012 Saviu
405 960 543 1009 uticem
572 937 689 1022 risam,
713 938 792 1034 quod
813 936 1055 1032 [apennicolae

266 1039 432 1127 Pronus,
452 1040 680 1153 exanimatque
705 1039 868 1152 indignos,
894 1039 988 1132 inqut
1011 1051 1174 1110 merenies.

161 1136 274 1237 Quod
291 1137 315 1210 si
331 1138 389 1209 vel
405 1138 565 1234 exiguam
583 1136 746 1210 veritatis
760 1157 879 1209 aurain
894 1138 1065 1234 colligere
1080 1125 1226 1230 potuis·

158 1236 232 1324 set,
246 1256 441 1336 inunquam
468 1236 626 1326 diceet,
652 1234 745 1307 aedes
770 1237 867 1308 illuin
893 1235 986 1309 suas
995 1237 1271 1330 disturbare,

159 1358 240 1410 cuin
255 1325 346 1409 ideo
353 1333 545 1425 disturbet,
573 1332 670 1423 quod
684 1355 760 1406 non
775 1332 855 1407 sunt
868 1331 946 1411 suae.
980 1336 1213 1433 Capitolium,

159 1435 258 1529 quod
273 1434 324 1510 est
344 1434 517 1540 Romane
538 1432 635 1514 urbis
659 1432 889 1528 &religionis
905 1450 1013 1528 caput
1031 1435 1226 1532 ιιιιιιιιιιιιιι,Ι

158 1557 236 1609 non
267 1520 398 1626 semel,
432 1530 491 1620 sed
514 1529 636 1624 saepius
661 1529 811 1608 fulmine
834 1530 939 1606 istum
964 1534 1214 1630 conflagravit.

159 1634 335 1709 Homines
358 1645 475 1707 autern
493 1630 661 1727 ingeniosi
679 1630 823 1723 quidde
839 1557 1215 1718 lioc'exisiimaveiint,

130 1821 133 1828 ¹
158 1756 205 1808 ex
219 1731 314 1806 disin
337 1730 522 1805 Ciceronis
540 1737 710 1823 apparet,
744 1732 804 1822 qui
830 1733 902 1822 ait,
925 1733 1100 1806 divinitus
1121 1738 1216 1814 eiiii·

150 1829 238 1907 'tille
257 1831 351 1904 illam
369 1830 562 1922 flammam,
589 1851 665 1904 non
683 1851 760 1921 quae
778 1830 946 1905 terrestre
962 1833 1049 1905 illud
1069 1833 1218 1908 doiniei·
1251 1919 1253 1924 s

157 1934 245 2006 liuin
261 1932 362 2022 Jovis
381 1931 538 2018 deleret,
563 1926 628 2002 sed
637 1950 715 2020 quae
729 1928 907 2004 sublimius
920 1929 1229 2032 magnificentius.

162 2052 233 2123 que
248 2023 470 2122 deposceret
504 2028 586 2123 Qua
601 2028 645 2100 de
660 2049 700 2102 re
716 2030 822 2104 etiarn
837 2032 874 2105 in
891 2033 986 2105 libio
1002 2021 1215 2140 Consulatus

161 2130 213 2204 sui
232 2130 355 2202 eadem
374 2128 484 2217 dixit,
511 2148 589 2218 quae
600 2125 807 2203 Lucretius:
1197 2175 1202 2188 ·

264 2232 356 2302 Nam
379 2247 471 2324 parer
492 2231 675 2299 altitonans
692 2228 839 2326 stellanti
861 2233 958 2312 nixiir
986 2231 1128 2327 Olympo,
1200 2273 1204 2282 ·

266 2328 332 2420 Ipse
348 2327 426 2417 siras
452 2351 557 2417 arces,
581 2344 676 2424 arque
701 2330 826 2423 inclyia
851 2330 965 2425 templa
985 2336 1119 2425 petivit,
1173 2349 1175 2354 ’

264 2428 311 2498 Et
339 2428 530 2524 Capitolinis
557 2431 669 2523 injecit
687 2427 811 2515 sedibus
837 2434 934 2520 ignes.

164 2525 341 2600 Pertinaci
357 2547 446 2621 ergo
460 2525 606 2596 stultitia
625 2544 702 2596 non
716 2524 828 2598 modo
847 2524 918 2600 vini
934 2523 1221 2617 maiestatemque
1265 2607 1268 2616 ,

164 2627 243 2699 veri
259 2626 328 2699 Dei
343 2645 420 2697 non
432 2625 703 2696 intellexerunt:
730 2621 911 2698 sedetiam
931 2622 1148 2717 impietatem
1169 2623 1219 2697 sui
1272 2631 1275 2636 '

165 2726 297 2798 erroris
316 2734 511 2816 auxerunt,
537 2722 596 2813 qui
622 2724 794 2816 templum
820 2722 949 2798 coelesti
971 2724 1108 2816 iudicio
1128 2719 1220 2818 saepe

163 2811 558 2899 daninatumiestituere
572 2822 764 2897 contraitis
781 2843 888 2896 omne
904 2749 1167 2922 cothenderinti

128 2941 132 2949 ·
243 2921 332 2993 Cuni
345 2921 442 2994 liaec
433 2936 540 3016 igitur
553 2924 730 3016 cogitaret
743 2919 940 3015 Epicurus
967 2943 1087 2997 earum
1099 2942 1219 2998 rerunt
1264 2939 1269 2944 “

164 3024 269 3093 velut
294 3021 479 3135 iniquitate
504 3019 666 3092 indutius
685 3016 754 3117 (sic
770 3024 864 3096 enini
879 3020 1013 3095 causam
1026 3022 1219 3095 ratio'neni-

165 3141 235 3212 que
253 3121 430 3213 ignoranti
446 3118 656 3216 videbatur)
678 3119 892 3195 existimavit
906 3109 1036 3194 nnllam
1051 3118 1121 3192 elle
1137 3140 1221 3210 pio·

162 3220 371 3293 videntiam.
410 3219 520 3317 Quod
536 3240 615 3292 cuin
630 3220 692 3292 sibi
707 3217 934 3314 persuasisset,
952 3217 1100 3311 suscepit
1114 3219 1221 3294 etiam
1295 3227 1299 3236 “
1317 3269 1319 3276 -

164 3318 442 3393 defendendum:
467 3319 539 3391 sic
529 3340 566 3392 in
583 3338 727 3397 errores
741 3321 1002 3392 inextricabiles
1011 3316 1126 3412 seipse
1134 3337 1224 3390 con·

165 3418 278 3492 elusit.
329 3417 366 3491 Si
380 3417 473 3491 enini
492 3418 722 3514 providentia
739 3419 834 3492 nulla
847 3418 917 3506 eli,
945 3417 1131 3509 quomodo
1148 3430 1223 3587 ιιιιιι

166 3517 354 3607 ordinate,
381 3530 452 3590 tani
469 3514 634 3609 disposite
651 3520 803 3596 mundus
819 3516 966 3620 effetius
981 3515 1056 3591 esti
1095 3513 1160 3589 Nu
1174 3517 1223 3609 ia,

165 3620 302 3707 inquit
329 3612 518 3711 dispositio
515 3615 603 3705 est3
629 3618 741 3692 multa
765 3609 859 3706 enirn
885 3616 974 3690 latta
998 3615 1100 3689 sunt-
1094 3615 1222 3706 aliter,

168 3713 364 3807 quamfieii
379 3716 590 3808 debuerunt.
617 3699 949 3791 Etinvenitliomo
964 3715 1106 3787 divinus
1115 3735 1224 3806 ,que

166 3809 458 3906 reprehenderet.
486 3818 575 3912 Quae
593 3807 762 3912 singultu
778 3829 925 3888 vacaret
939 3816 1117 3898 refellere
1120 3812 1226 3886 facile

168 3913 413 4002 ostenderem,
439 3934 508 3985 nec
531 3913 723 4006 sapientem
743 3916 840 3988 hunc
856 3911 977 4004 fuisse,
1002 3933 1071 3988 neo
1094 3910 1226 3990 sanum.

167 4007 410 4094 Itemfinulla
423 4012 1228 4227 providendabedlhquomodotniintliumcoi

729 4131 749 4206 ς
1101 4126 1210 4204 potu
