2825 4709
227 390 276 466 80
322 370 458 458 Finit.
480 337 758 461 Lucrinus
781 395 932 456 otvrtt.
947 345 1197 456 tuimur.

225 555 333 628 runt3
358 540 414 614 his
428 540 563 632 libant,
590 539 644 611 his
661 534 879 630 sacrificant,
905 537 974 610 hos
991 551 1180 630 coronant.
1197 537 1283 613 Deo

180 675 189 692 ν
227 658 370 733 autem,
396 660 501 732 quem
526 638 563 710 in
584 636 659 730 ipsa·
678 637 880 712 neceffitate
902 637 1210 730 imploraveram,
1236 660 1284 712 ne

227 743 347 814 verbo
365 738 505 830 quidem
520 739 648 833 gratias
663 752 791 833 agunt:
817 736 908 809 adeo
927 759 972 808 ex
983 736 1286 830 terumprosperi·

226 855 303 915 tate
320 841 480 928 luxuria,
507 859 552 910 ex
568 838 707 909 luxuria
725 857 837 927 vero,
864 836 952 909 ficut
968 837 1057 909 vitia
1071 839 1211 930 omnia,
1236 836 1284 911 s1c

139 971 145 976 ·
183 1011 187 1029 ,
227 940 391 1035 impietas
406 936 573 1012 adversus
589 936 707 1009 Deum
725 935 891 1010 nascitur.
1090 953 1092 963 ·

135 1121 140 1132 x
305 1040 468 1133 Quanam
484 1033 574 1107 istud
590 1058 635 1107 ex
653 1031 755 1108 causa
766 1031 843 1107 fieri
857 1034 1050 1128 putemus?
1075 1034 1136 1108 nisi
1149 1031 1218 1107 elie
1228 1034 1289 1106 ali·

227 1161 334 1234 quam
351 1135 552 1231 perversam
568 1132 802 1227 potestatem,
829 1156 905 1227 que
919 1138 1081 1209 veritatis
1096 1132 1285 1225 -srtsemper

226 1238 390 1327 inimica,
415 1256 491 1326 quae
506 1235 665 1307 humanis
680 1236 860 1307 erroribus
876 1235 1026 1332 gaudeat
1034 1245 1061 1326 ς’
1074 1236 1130 1307 cui
1142 1236 1287 1307 unicum

201 1424 204 1430 .
230 1358 273 1411 ac
287 1344 499 1429 perpetuum
516 1353 607 1426 opus
623 1333 685 1425 sit,
708 1330 899 1407 offundere
917 1338 1098 1423 tenebras,
1127 1333 1288 1421 &homi-

121 1505 124 1510 .
182 1486 185 1493 ·
227 1457 316 1513 num
331 1453 464 1508 cacare
481 1446 640 1524 mentes,
665 1452 712 1504 ne
735 1433 851 1507 lucem
876 1434 1040 1525 videant,
1067 1454 1113 1506 ne
1132 1434 1287 1524 denique

229 1537 268 1611 iu
286 1537 412 1608 coeluur
428 1531 616 1625 aspiciant,
642 1551 684 1602 ac
699 1546 860 1606 naturam
878 1534 1042 1630 corporis
1056 1531 1105 1605 sui
1120 1532 1287 1626 servent,

160 1704 163 1708 .
231 1637 334 1727 cujus
354 1632 527 1729 originem
548 1629 611 1703 suo
633 1630 721 1701 loco
743 1632 987 1720 narrabimus3
1014 1653 1111 1704 nunc
1130 1630 1286 1728 fallacias

113 1735 115 1739 ’
230 1731 429 1829 arguamus.
454 1729 548 1803 Nam
562 1751 644 1801 cum
658 1744 794 1802 caeterae
807 1732 1000 1803 animantes
1016 1729 1143 1824 pronis‘
1156 1752 1289 1823 corpo-

229 1832 378 1909 tibusin
388 1833 533 1905 humum
543 1824 723 1929 spolient,
738 1829 818 1920 quia
834 1832 1011 1903 rationem
1025 1852 1067 1903 ac
1083 1832 1288 1924 {apientiam

229 1953 309 2011 non
324 1942 566 2022 acceperunt,
592 1928 700 2000 nobis
715 1941 834 2002 autem
847 1927 956 2003 status
973 1928 1108 2013 renus,
1133 1930 1289 2004 sublimis

110 2116 116 2121 ,
231 2034 356 2104 vultus
373 2032 417 2100 ab
434 2023 570 2099 artifice
584 2025 668 2099 Deo
683 2026 786 2100 datus
801 2028 861 2120 nt,
887 2028 1289 2130 apparetsistasteligio·

231 2151 297 2206 nes
311 2132 474 2202 Deorum
492 2147 567 2199 non
588 2123 657 2198 elle
672 2127 826 2200 rationis*
839 2130 1019 2220 humanae,
1046 2130 1290 2220 quiacurvant

231 2226 374 2304 coeleste
391 2227 517 2300 animal
534 2226 577 2298 ad
594 2225 800 2324 veneranda
815 2242 969 2304 terrena.=
980 2228 1110 2300 Parens
1121 2230 1213 2301 enim
1224 2252 1291 2302 no-

231 2328 304 2406 ster
321 2328 382 2400 ille
395 2346 486 2403 unus
504 2323 669 2411 ursolus,
701 2324 735 2398 ἃ
752 2346 831 2399 curn
847 2323 999 2423 fingeret
1015 2328 1216 2419 hominem,
1251 2330 1289 2402 id

228 2428 286 2504 ,est
299 2423 424 2511 animal
441 2424 641 2520 intelligens
658 2425 691 2496 &
708 2426 857 2497 rationis
877 2448 1008 2517 capon,
1036 2448 1116 2499 eum
1135 2449 1224 2500 uero
1243 2441 1289 2503 ex

232 2528 346 2606 humo
357 2524 579 2599 sublevatum
590 2524 633 2596 ad
640 2527 988 2616 contemplationem
998 2524 1045 2597 sui
1058 2524 1201 2599 artificis
1215 2548 1291 2601 ere·

233 2629 300 2703 uit.
353 2625 466 2725 Quod
482 2626 619 2718 optime
635 2622 839 2719 ingeniosus
855 2641 966 2718 poeta
981 2626 1149 2721 signavit:

338 2730 503 2817 Pronaque
527 2748 594 2792 cum
614 2724 758 2819 jpcfient
783 2729 936 2795 animalia
963 2743 1073 2817 caeteaa
1099 2743 1235 2818 terram5

337 2828 381 2894 Os
407 2826 531 2893 homini
554 2822 682 2905 sublime
705 2813 812 2915 delii,
838 2827 1002 2921 coelumque
1025 2826 1135 2896 videre

340 2919 461 3017 Juffit‚
487 2920 525 2997 (5
552 2918 664 2993 ereum
690 2927 730 2992 ad
752 2922 849 3015 fidere
875 2930 976 2995 tulere
998 2925 1123 2997 vultus.

105 3095 110 3101 .
233 3023 332 3102 Hinc
349 3023 473 3114 utique
489 3017 666 3120 delectarer
681 3020 797 3094 Graeci
814 3022 1150 3114 appellarunt‚quod
1161 3021 1291 3098 sursum

235 3120 379 3217 spectet.
407 3120 474 3213 Ipll
489 3141 577 3217 ergo
596 3121 655 3193 sibi
673 3123 900 3212 renuntiant,
914 3124 1018 3212 seque
1032 3123 1291 3197 hominumno·

155 3287 160 3299 Ι
235 3224 331 3299 mine
356 3221 544 3310 abdicant,
572 3220 630 3311 qui
648 3240 723 3293 non
739 3219 868 3295 sursum
889 3219 1078 3314 aspiciunt,
1105 3223 1163 3295 sed
1189 3222 1293 3293 deor-

236 3319 330 3398 sum:
354 3320 415 3392 nisi
431 3318 530 3391 forte
544 3318 714 3411 idipsum,
741 3321 838 3411 quod
853 3320 937 3393 retii
954 3321 1084 3413 sumus,
1104 3323 1174 3395 sine
1190 3318 1293 3393 causa

101 3483 106 3493 ,
230 3420 374 3504 inomini
390 3418 599 3491 attributum
617 3434 755 3511 putant.
805 3419 1183 3511 Spectarenoscoelum
1194 3419 1292 3491 Deus

236 3521 380 3611 voluit,
405 3519 530 3609 utique
546 3538 620 3589 non
636 3516 774 3591 frustra.
807 3515 953 3592 Nam&
974 3542 1081 3612 aves,
1108 3521 1199 3592 &ex
1214 3539 1292 3590 mu·

237 3621 284 3693 tis
304 3639 396 3711 pene
409 3618 530 3690 omnia
546 3617 671 3689 coelum
689 3615 834 3702 vidents
870 3618 927 3691 sed
943 3619 1049 3692 nobis
1067 3621 1212 3712 proprie
1234 3618 1294 3689 da-

236 3732 315 3791 tum
332 3716 401 3800 est,
416 3717 557 3789 coelum
582 3714 701 3809 rigidis
726 3738 768 3787 ac
789 3714 960 3791 stantibus
980 3718 1130 3803 intueri,
1157 3734 1197 3787 ut
1213 3718 1293 3788 reli·

235 3818 381 3915 gionem
397 3815 447 3887 ibi
466 3833 682 3906 quaeramus,
707 3831 748 3887 ut
759 3815 891 3904 Deum,
902 3820 1001 3911 cnjus
1013 3816 1108 3889 sedes
1120 3818 1191 3904 illa,
1204 3838 1293 3907 quo-

235 3917 330 3992 niam
355 3914 470 3988 oculis
495 3933 571 3985 non
596 3911 807 4005 pollonus,
844 3920 963 3990 animo
988 3919 1290 4006 contemplemur:

181 4111 184 4116 Ι
234 4016 336 4126 guod
350 4009 517 4115 prolatio
532 4032 610 4090 uon
626 4012 734 4116 facit,
759 4015 1201 4116 quiaesautlapiuemquae
1213 4017 1296 4091 sunt

825 4159 832 4176 a
1133 4131 1244 4195 terte·
