2825 4709
154 326 159 335 ’
279 359 499 493 ¹Lrnrrlll.
524 331 1099 529 υιπψιὸυιπιω.
1151 383 1220 458 ru

478 581 804 742 ΟΛΡΠΤ
793 667 907 746 XVI.

163 831 258 924 Quod
271 824 353 902 ratic
364 827 502 900 daemoes
519 793 698 924 Philosophi
713 828 790 901 male
801 833 948 911 vivant.
974 771 1047 928 repit
1061 835 1223 931 ὕπνους

297 928 381 1000 unde
395 952 460 1001 mn
473 944 539 1001 ram
558 930 665 1016 Philo]
645 930 779 1020 lopbiae,
804 953 897 1026 quam
907 932 1073 1030 sapientia

561 1030 748 1127 studendum
760 1028 810 1126 est.

163 1228 336 1396 Verum
355 1247 435 1299 cum
450 1223 485 1298 se
501 1238 682 1319 perpetuae
700 1226 837 1301 desidia
850 1226 1004 1319 tradant,
1013 1209 1220 1323 miramque

263 1326 434 1400 virtutem
452 1324 651 1417 capessant,
678 1325 712 1397 δι
730 1346 874 1401 omnem
892 1328 983 1400 suam
1000 1330 1113 1405 vitam
1129 1332 1220 1406 nihil

161 1425 255 1496 aliud
268 1446 371 1516 quam
386 1427 422 1497 in
437 1426 643 1515 eloquendo
659 1439 849 1520 peragant,
876 1426 960 1516 quid
977 1428 1090 1518 aliud,
1112 1451 1219 1519 quam
1297 1453 1300 1462 ·

157 1523 290 1596 inertes
309 1524 424 1617 putari
442 1522 602 1597 debenti
628 1520 808 1615 Sapientia
825 1524 939 1615 enirn,
966 1526 1028 1599 nili
1044 1527 1082 1604 in
1095 1526 1218 1617 aliquo

159 1622 238 1695 atto
253 1623 382 1714 fuerit,
404 1643 477 1713 quo
491 1625 563 1695 vim
577 1621 672 1695 suam
688 1638 875 1710 exerceat,
889 1623 1216 1715 inanisofalsaest3
1275 1708 1278 1713 ,

158 1722 329 1814 reeteque
352 1720 493 1795 Tullius
513 1722 638 1796 civiles
663 1725 784 1802 viros,
803 1725 870 1813 qui
885 1724 1139 1815 rempublicam
1154 1746 1225 1821 gu:
1285 1769 1288 1776 ·

156 1821 331 1903 bemont,
357 1824 415 1913 qui
435 1823 540 1895 urbes
563 1837 624 1895 aut
639 1843 757 1894 novas
779 1822 1022 1915 constituant,
1049 1838 1110 1896 aut
1126 1845 1218 1898 con·
1304 1894 1310 1912 ,

156 1917 295 1992 stitutas
310 1924 475 2012 aequitate
488 1922 677 2008 tueantur,
703 1923 763 2011 qui
778 1918 925 1996 salutem
941 1922 1216 2014 libertatemque
1279 1985 1285 1995 ,

157 2020 293 2105 civium
310 2022 370 2092 vel
390 2022 496 2092 bonis
511 2022 659 2115 legibus,
681 2024 741 2094 vel
757 2019 950 2094 salubribus
967 2023 1131 2104 consiliis,
1152 2024 1216 2097 vel

152 2119 296 2210 judiciis
310 2120 478 2216 gravibus
494 2119 733 2211 conservent,
759 2116 1225 2213 philosophiaedotloribue

154 2217 312 2310 praefert.
338 2218 463 2292 Bonos
479 2222 572 2293 enim
589 2218 707 2292 facere
723 2234 877 2312 oportet
887 2224 1031 2313 potius,
1047 2242 1149 2312 quam
1161 2222 1215 2295 in·

156 2316 274 2389 clusos
289 2320 324 2389 in
345 2320 495 2434 angulis
495 2318 656 2409 facienda
670 2320 886 2411 praecipere,
905 2339 991 2431 quae
1005 2340 1050 2390 ne
1065 2319 1126 2410 ipsr
1137 2321 1213 2410 qui·

156 2415 237 2488 dem
252 2419 410 2509 faciunt,
437 2439 495 2509 qur
487 2420 727 2509 loquuntur3
753 2418 787 2489 δι
813 2416 980 2506 quoniam
1006 2414 1087 2488 sea
1113 2419 1228 2501 veria,

156 2514 287 2589 affitibus
302 2530 558 2606 removerunt,
584 2529 753 2605 apparet,
780 2535 845 2586 eos
862 2514 1214 2611 exercendaelingum

155 2614 270 2706 causa,
290 2617 348 2687 vel
366 2613 567 2687 advocandi
581 2614 707 2708 gratia,
726 2626 838 2696 artem
854 2610 961 2708 ipsam
977 2612 1212 2707 philosophiae

151 2712 330 2828 reperisse
359 2714 432 2809 Qui
446 2726 565 2785 autem
581 2713 717 2785 docent
731 2724 883 2804 tantum,
894 2733 962 2784 nec
980 2711 1130 2805 faciunt,
1146 2714 1211 2807 ipsr

153 2814 342 2910 preceptis
364 2810 432 2884 suis
457 2812 649 2885 detrahunt
672 2809 836 2904 pondus3
864 2812 941 2904 quis
957 2811 1050 2886 enim
1069 2813 1212 2906 ¹obtem·

152 2927 279 3003 peret,
298 2932 379 2983 cum
393 2911 455 3003 rpsr
467 2926 709 3005 preceptores
722 2909 880 2984 doceant
892 2931 968 2984 non
982 2911 1210 3027 obtempera·
1269 2997 1274 3004 ,

149 3009 216 3080 re?
268 3010 409 3084 Bonum
427 3010 477 3084 est
497 3025 639 3103 autem,
664 3008 760 3083 retia
779 3010 813 3082 δι
832 3010 980 3084 honesta
997 3013 1208 3105 praecipere:

150 3105 211 3181 sed
227 3107 289 3179 nil
303 3108 336 3180 δι
352 3108 478 3203 facias,
500 3109 724 3184 mendacium
746 3106 815 3197 est3
842 3106 975 3182 &est
964 3130 1207 3204 incongruens

152 3221 261 3297 atque
273 3209 453 3303 ineptum,
477 3229 555 3283 non
578 3211 617 3282 in
633 3204 802 3301 petron,
829 3205 888 3282 sed
902 3208 1059 3282 inlabris
1074 3209 1210 3284 habere

152 3306 367 3382 bonitatem.

227 3404 265 3478 N
268 3425 317 3497 on
331 3425 419 3500 ergo
435 3405 626 3479 utilitatem
644 3426 689 3478 ex
704 3403 953 3499 philosophia,
977 3401 1037 3478 sed
1052 3401 1207 3479 obrem-

152 3504 291 3577 tionem
316 3519 455 3596 petunt.
506 3504 619 3602 Quod
645 3504 787 3594 quidem
813 3502 945 3578 Cicero
969 3503 1115 3578 testatus
1135 3502 1210 3601 ost.¹

152 3601 372 3696 „Profestm
382 3602 511 3695 inquit,
520 3601 1206 3697 omnisistorumdisputatiqquanquan

153 3703 389 3795 „uberrimos
404 3702 526 3775 fontes
546 3703 691 3774 virtutis
709 3700 911 3776 &scientia
924 3704 1131 3784 contineat,
1152 3715 1206 3776 ta·

153 3823 272 3895 „men
287 3803 419 3875 collata
434 3822 515 3874 cum
528 3801 658 3875 horum
671 3801 755 3876 atlir
769 3800 1004 3896 perfectisque
1010 3804 1132 3893 rebus,
1141 3822 1207 3873 ve·

151 3921 295 3994 „reor‚
312 3923 359 3976 ne
375 3921 452 3974 non
469 3912 609 3975 tantum
623 3899 788 3974 videatur
800 3896 954 3973 attulilie
967 3899 1121 3995 negotiis
1137 3899 1204 3972 ho-
1306 3928 1311 3932 ·

150 4002 321 4095 „minum
351 4000 538 4095 uolitatis,
572 4000 738 4176 quagitam
763 3998 1164 4173 obleetationemxptiis
1171 4049 1205 4093 u

704 4118 734 4198 3
1090 4116 1175 4172 ete·
