2825 4709
181 349 228 434 16
276 352 407 487 Frate
432 349 705 432 tacerem
724 370 875 428 orvru
899 347 1137 429 lurrrror.

176 515 401 617 igiturhanc‚
415 512 478 586 nifi
491 512 605 593 Deus,
623 510 730 604 fecit,
758 511 858 603 cujus
872 511 1040 605 potestati
1055 512 1240 603 subjacent

179 614 324 693 omnia?
361 611 431 687 Sed
444 611 577 708 refugit
589 611 662 688 hoc
675 611 756 702 tile,
782 612 865 684 dum
879 613 1026 688 horret
1017 613 1240 708 lncogmtam

177 718 382 792 veritatem.
407 712 498 784 Non
515 710 609 784 enim
629 709 808 785 Musarum
822 710 999 802 instindiu,
1019 712 1108 785 ficut
1121 715 1239 791 videri

173 812 389 906 volebat,
379 832 417 886 ru
433 811 613 885 Hericone
631 828 774 884 cumen
792 808 939 901 effudit3
966 809 1025 886 sed
1047 813 1241 892 meditatus

177 927 332 994 venerat
350 912 384 986 u
401 925 558 1005 paratus.

253 1010 473 1089 Nostrorum
490 1010 622 1103 primus
638 1007 748 1082 Maro
765 1029 843 1083 non
856 1009 965 1106 longe
985 1008 1051 1082 fuit
1068 1033 1088 1086 a
1105 1012 1238 1090 verita·
1248 1097 1254 1112 ,

175 1130 237 1206 ως
264 1114 363 1230 cujut
382 1112 427 1185 de
444 1109 579 1184 summo
597 1109 706 1201 Deo,
723 1130 828 1201 quem
846 1126 1003 1185 mentem
1018 1132 1065 1194 ac
1078 1109 1237 1235 spiritum

176 1215 403 1304 nominavit,
425 1210 502 1286 haec
519 1210 631 1282 verba
642 1204 740 1283 suot

180 1367 183 1372 -
305 1314 466 1407 Principio
489 1313 618 1399 alum,
641 1333 686 1381 ac
703 1326 827 1397 terras,
852 1332 1033 1410 camposque
1055 1311 1238 1410 liquentes,

302 1416 533 1507 Lucaniamque
552 1408 675 1502 globum
699 1410 804 1499 luna,
834 1405 988 1508 Uionioq
991 1436 1028 1482 ue
1052 1413 1157 1508 aftra,

300 1516 445 1609 Spiritus
470 1516 564 1582 ottus
586 1510 668 1593 olitr
695 1524 853 1608 totamque
876 1511 985 1604 infuso
1007 1533 1063 1608 per
1085 1529 1180 1584 ortus

300 1616 400 1686 Mem
423 1614 525 1704 agitat
550 1610 676 1696 molem,
701 1608 742 1686 (Ἰ
766 1627 873 1702 magno
893 1613 927 1699 se
951 1636 1071 1706 corpore
1096 1613 1210 1701 miscet.

175 1712 293 1790 Acne
312 1711 390 1805 quis
408 1709 535 1782 forte
525 1722 689 1804 rguoret‚
717 1709 879 1801 quisnam'
898 1707 983 1782 effer
1000 1712 1059 1783 ille
1077 1710 1240 1805 spiritus,

126 1841 128 1845 ·
177 1815 239 1908 qui
258 1825 398 1886 tantum
418 1809 568 1884 haberet
589 1805 801 1904 potestatis,
827 1810 1024 1892 declaravit
1042 1812 1112 1885 alio
1132 1810 1237 1910 lo'c0,

175 1913 323 1988 dicens.

487 2010 656 2080 -Ueum
680 2032 816 2109 namque
841 2013 888 2082 ire
908 2033 965 2107 per
988 2036 1093 2083 omnes

305 2101 502 2208 Terrorque,
525 2107 835 2208 iratiusqrremoriu
859 2111 1236 2209 coelumanprofundum.

211 2281 213 2286 .
300 2214 390 2285 Hinc
401 2210 540 2306 pecudes,
565 2227 721 2299 armenta,
746 2217 848 2300 viros,
868 2237 968 2312 gertus
978 2212 1237 2303 omniformem,

301 2314 462 2412 Queroque
483 2307 541 2402 fibi
565 2312 671 2380 tenues
695 2309 871 2398 noscentem
896 2307 1037 2401 arceffare
1060 2319 1162 2387 vitos.

177 2407 334 2486 Ovidius
348 2408 514 2508 quoque
505 2429 541 2481 rn
555 2407 733 2506 principio
749 2411 906 2502 praeclari
922 2412 1057 2504 operis,
1079 2411 1149 2484 sine
1164 2411 1237 2486 ulla

175 2512 332 2586 nominis
357 2508 649 2601 dissimulatione,
674 2531 694 2582 a
717 2508 826 2602 Deo,
852 2532 956 2603 quern
982 2505 1236 2602 fabricatorem

174 2612 426 2703 mundi,quem
446 2628 564 2682 rerum
582 2562 750 2701 opificem
765 2626 896 2703 vocat,
921 2611 1090 2684 mundum
1103 2611 1237 2682 fatetur
1264 2641 1268 2646 ·

176 2709 393 2787 instrudium.
420 2706 570 2806 Quodsr
588 2709 646 2780 vel
665 2701 858 2801 Orpheus,
885 2712 944 2795 vel
961 2712 995 2783 hi
1010 2709 1141 2804 nostri,
1158 2731 1236 2801 quae

139 2811 144 2820 '
176 2822 304 2886 natura
319 2808 474 2881 ducente
491 2803 719 2900 senserunt,
709 2830 746 2881 1n
762 2822 974 2903 perpetuum
987 2806 1236 2904 defendiffent,

176 2908 351 3000 eamdem,
362 2927 465 3000 quam
483 2924 552 2979 nos
569 2903 759 3003 sequamur,
768 2907 963 2984 dottrrnam
979 2909 1238 3004 compreheosa

176 3001 545 3083 veritatatenuiffent.

228 3105 320 3180 Sed
330 3106 497 3180 haetenus
506 3104 690 3198 depoetrs
724 3103 782 3182 Ad
791 3106 1239 3203 philosophosvenramus,

175 3226 331 3325 quorum
357 3204 504 3302 gravior
530 3203 581 3278 est
606 3206 779 3279 autoritas
790 3209 1034 3300 ,certiusque
1044 3207 1233 3299 judicium.

175 3310 346 3404 quianon
358 3307 465 3379 rebus
485 3303 822 3399 commentitiis‚sed
836 3304 1088 3402 investigandae
1103 3306 1234 3379 verita·

174 3411 204 3484 ti
225 3402 389 3481 studuiffe
410 3403 615 3478 creduntur.
665 3403 800 3479 Thales
819 3404 1000 3497 Milesius,
1026 3405 1084 3497 qui
1102 3426 1191 3477 unus
1212 3415 1236 3477 e

174 3508 373 3599 sapientum
390 3522 542 3577 numero
562 3503 653 3595 fuit,
671 3505 801 3596 quique
817 3508 949 3597 primus
968 3504 1125 3598 omniurn
1140 3524 1234 3594 quae·

175 3606 251 3682 srffe
268 3605 312 3679 de
329 3604 437 3677 causis
456 3601 674 3676 naturalibus
693 3604 845 3677 traditur
854 3623 1019 3698 ,aquarn
1040 3601 1108 3676 effe
1128 3603 1234 3706 dixit,

176 3727 223 3782 ex
240 3726 309 3797 qua
334 3718 418 3777 nata
434 3702 500 3776 fint
518 3702 655 3775 omnia.
682 3701 801 3777 Deum
824 3721 943 3779 autem
965 3701 1234 3796 cismontani,

175 3826 255 3900 quae
270 3825 315 3877 ex
332 3821 422 3896 aqua
439 3797 565 3901 cuncta
577 3800 804 3879 formaverit
853 3804 908 3877 Ita
919 3802 1101 3877 materiam
1114 3821 1236 3877 rerum

113 3909 114 3915 ‘
169 3899 337 4002 'posurtrn
346 3893 517 3976 humore
534 3902 747 3994 prlnclprum
758 3901 965 3995 causamque
975 3901 1237 3984 nascendrcon

174 4001 433 4080 stituitinDeo.
457 3999 1237 4176 Pythagorooadefimvo‚qu1oeuetAEeus

1157 4122 1172 4173 1
