2825 4709
183 367 259 493 ³¹4
283 377 414 470 Fssu.
438 375 710 492 Lnernnr'ir
730 399 880 459 osuiu.
904 369 1144 510 lusimus,

181 549 327 624 manum
346 559 456 638 genus
478 541 636 616 maximis
654 543 686 614 oz
702 544 885 636 perpetuis
900 543 1093 638 agitaretur
1108 539 1243 616 errori.

122 671 125 680 ·
183 646 264 722 bs.
290 640 412 718 Rediit
428 661 515 736 ergo
533 643 664 737 species
681 641 773 720 illius
788 644 884 720 aurei
900 644 1093 733 temporis,
1122 641 1243 720 &red-

181 744 258 820 dita
273 741 413 836 quidem
430 753 546 828 terrae,
563 738 749 834 sedpaucis
760 739 1137 837 alllgnatajustitiaest3
1161 761 1241 834 quse

85 906 90 924 ,
181 844 271 924 siilril
289 841 381 915 aliud
396 837 460 928 est,
470 861 571 932 quam
585 841 661 914 liei
676 843 774 920 unici
789 844 845 935 pia
863 843 895 915 lit
909 840 1072 938 religiosa
1087 843 1239 917 cultura.

180 942 253 1018 Sed
269 955 418 1017 moveat
435 939 585 1028 aliquem
601 940 769 1032 fortasse,
794 961 858 1018 cur
877 943 902 1020 ss
924 943 1001 1016 hec
1020 940 1064 1017 stt
1081 939 1237 1034 justitia,

183 1043 282 1118 omni
299 1042 454 1114 humano
469 1041 588 1134 generi
607 1040 648 1117 stt
665 1041 767 1129 dataq
793 1061 862 1116 neo
887 1043 923 1117 in
944 1063 1020 1114 eam
1042 1041 1239 1120 multitudo

180 1137 349 1218 universa
368 1135 594 1220 consenserit.
646 1141 788 1238 Magne
812 1143 886 1219 hoo
905 1140 1153 1234 disputationis
1174 1139 1246 1234 est,

183 1259 249 1317 cur
266 1261 285 1312 a
303 1237 408 1328 Deo,
434 1259 514 1312 curn
529 1237 694 1330 iustitiam
711 1255 817 1318 terrae
832 1241 953 1331 daret,
978 1239 1175 1317 li'treteota
1187 1241 1240 1314 di·

180 1337 353 1414 versitas:
379 1338 477 1430 quod
495 1338 529 1413 &
544 1340 617 1414 alio
632 1341 720 1414 loco
738 1339 937 1432 declaravi,
962 1340 995 1412 δι
1019 1341 1241 1431 ubicumque

179 1437 560 1534 oportuneinciderit,
586 1440 834 1533 explicabitur.
884 1440 995 1519 Nune
1006 1439 1186 1536 designare
1201 1440 1238 1515 id

178 1535 470 1617 breviffimesatis
480 1536 548 1614 est:
571 1541 756 1618 Virtutem
772 1554 832 1616 aut
847 1541 944 1614 cerni
962 1561 1036 1613 non
1052 1537 1163 1634 polle,
1173 1540 1239 1615 nist
1267 1621 1269 1625 ,

177 1641 310 1720 habeat
328 1637 415 1712 vitia
428 1641 631 1730 contraria,
657 1655 816 1715 autnon
839 1639 909 1719 elie
933 1636 1147 1736 perfestam,
1172 1638 1236 1716 nist

178 1753 392 1823 'exerceatur
417 1735 582 1818 adversis.
635 1739 741 1816 Hanc
763 1740 857 1814 enim
877 1744 975 1833 Deus
992 1740 1174 1812 bonorum
1193 1760 1236 1814 ae

177 1842 352 1919 malorum
370 1836 489 1912 voluit
501 1834 571 1913 elle
584 1836 796 1925 distantiam,
809 1854 850 1916 ut
865 1839 1069 1935 qualitatem
1085 1838 1174 1913 boni
1188 1859 1235 1918 ex

177 1941 275 2018 malo
298 1937 464 2026 sciamus,
490 1935 575 2014 item
590 1939 733 2011 mali'ax
748 1939 872 2028 bon03
898 1960 967 2013 nec
980 1938 1123 2020 alterius
1138 1939 1234 2012 ratio

174 2037 347 2130 intelligi,
369 2029 507 2110 sublato
524 2038 661 2125 altero,
679 2037 810 2130 potest.
863 2038 964 2113 Deus
980 2057 1068 2134 ergo
1082 2041 1154 2114 'non
1169 2057 1231 2112 ex·

176 2137 278 2216 elusit
294 2134 444 2225 malum,
469 2150 511 2220 ut
524 2138 618 2212 ratio
635 2138 780 2214 virtutis
797 2137 960 2212 constare
976 2134 1103 2233 posset.
1128 2137 1233 2237 Quo·

174 2237 289 2315 inodo
307 2235 400 2306 enim
414 2235 586 2326 patientia
603 2237 675 2311 vim
692 2235 785 2310 suam
802 2257 1008 2329 nomenque
1021 2237 1234 2326 retineretfi

174 2336 263 2415 nihil
279 2331 384 2423 esset,
411 2335 508 2425 quod
524 2337 596 2432 pati
616 2335 853 2438 cogeremur-i
880 2336 1081 2437 Quomodo
1091 2335 1231 2410 laudern

173 2446 373 2515 mereretur
387 2430 523 2509 devota
541 2436 622 2512 Deo
640 2435 702 2509 suo
715 2433 825 2527 fides,
841 2437 902 2512 nist
921 2434 1006 2512 esset
1022 2436 1158 2527 aliquis,
1169 2435 1230 2525 qui

175 2537 295 2612 aDeo
309 2534 423 2609 vellet
439 2535 631 2613 avertere?
658 2535 751 2613 Nam
769 2535 903 2612 &ideo
922 2538 1150 2630 potentiores
1161 2533 1231 2608 else

173 2633 322 2729 injustos
343 2635 517 2728 permisit,
543 2650 584 2707 ut
600 2656 733 2729 cogere
750 2637 792 2707 ad
809 2639 937 2710 malum
957 2634 1119 2728 possent3
1146 2635 1230 2709 ideo

173 2739 314 2830 plures,
341 2745 382 2801 ut
402 2735 514 2805 virtus
531 2733 617 2811 esset
632 2733 806 2828 pretiosa,
833 2757 910 2825 qssae
926 2756 1003 2807 rara
1017 2734 1078 2810 est.
1117 2734 1231 2834 Quod

198 2834 317 2909 uidero
334 2829 443 2921 ipsum
460 2836 701 2937 Quintilianus
723 2837 863 2929 egregie
877 2856 918 2909 ac
931 2836 1094 2908 breviter
1112 2834 1231 2909 osten·

160 2857 226 3011 'iit
240 2933 276 3005 in
293 2929 418 3021 Capite
435 2934 630 3009 obvoluto.
678 2934 806 3023 „Nam
826 2955 921 3024 quae,
948 2936 1084 3025 inquit,
1112 2935 1229 3009 virtus

173 3030 295 3130 „esset
314 3034 543 3121 innocentie,
569 3033 628 3107 nisi
651 3033 788 3107 laudens
806 3036 930 3109 raritas
949 3031 1121 3109 dedisset?
1156 3037 1232 3109 Ve-

173 3154 288 3234 „rum
304 3134 385 3224 quia
400 3145 524 3204 natura
541 3132 586 3207 src
603 3151 846 3223 comparatum
864 3132 932 3223 est,
959 3149 999 3207 ut
1016 3135 1152 3225 odium,
1171 3155 1230 3208 cu·

171 3233 354 3331 „piditas,
377 3233 427 3306 ira
443 3232 478 3307 in
494 3232 548 3320 id,
577 3232 673 3323 quod
689 3232 950 3323 incubuerunt,
978 3249 1083 3328 agant
1096 3254 1227 3325 caecos,

172 3331 311 3430 „supra
328 3334 519 3408 hominem*
531 3333 673 3405 uidetur
690 3333 792 3424 culpa
808 3353 949 3410 vacare.
977 3334 1121 3421 Alioqui
1135 3334 1229 3406 lina·

170 3429 1229 3530 „tumparesomnibusaffeiiusdedisset,pietasnihilerat„

248 3531 330 3603 Hoc
344 3553 446 3618 quarn
462 3550 588 3603 verum
606 3530 666 3620 sst,
689 3531 800 3603 docet
818 3532 999 3606 necessitas
1023 3531 1094 3624 ipsa
1117 3535 1227 3606 ratio·

170 3632 236 3706 nis.
263 3628 296 3702 Si
318 3632 410 3705 enim
430 3632 543 3710 virtus
561 3629 631 3720 est,
647 3631 746 3702 malis
765 3652 806 3705 ac
824 3631 920 3704 uitiis
939 3630 1085 3704 fortiter
1100 3653 1228 3729 repug-

169 3753 268 3821 nare,
279 3743 424 3826 apparet
440 3729 511 3803 fine
527 3731 621 3801 malo
637 3751 677 3800 ac
695 3731 787 3800 vitio
806 3733 936 3807 nullam
952 3730 1020 3803 else
1038 3733 1229 3806 uirtutem:

171 3852 272 3921 quam
291 3829 387 3903 Deus
404 3842 443 3899 ut
460 3828 653 3903 absolutam
673 3830 936 3923 perfeclamque
951 3832 1129 3904 redderet.
1143 3835 1228 3905 reti-

166 3931 246 4008 nuit
262 3928 316 4010 id,
332 3929 428 4019 quod
446 3942 522 4004 erat
538 3931 568 4001 ei
584 3931 820 4011 contrarium,
836 3952 917 4003 cum
936 3951 1008 4020 quo
1023 3933 1225 4026 depugnare

161 4029 294 4124 tollet.
323 4028 581 4129 ligusticum
596 4029 695 4107 malis
712 4030 973 4125 quatientibus,
997 4029 1225 4109 stabilitatem

384 4181 389 4188 .
723 4163 727 4168 ·
1116 4150 1178 4204 ca.
