2825 4709
254 363 256 368 Ι
297 395 444 479 brun
468 391 498 479 i.
522 419 582 475 ns
606 366 748 475 rursu
773 355 1068 478 Redimens:
1152 411 1200 488 57

141 557 268 660 legiss'e
286 561 428 657 fruges,
454 561 580 653 hisque
596 558 735 650 fredis,
751 566 878 654 panem
897 561 1015 637 facere
1031 562 1203 670 docuisse,

144 675 212 734 aut
225 682 313 733 uvas
332 662 376 735 de
392 661 526 734 vitibus
544 658 650 734 leuas
666 659 881 753 expreiirffe,
899 662 1093 756 vinumque
1102 667 1202 746 fecii}

145 757 208 847 se,
234 781 338 851 quam
352 758 472 855 fruges
487 758 589 853 ipsas,
609 772 670 833 aut
683 762 777 832 vites
793 759 992 854 generaiie,
1018 784 1061 837 ac
1078 785 1204 860 protu-

146 857 225 931 liffe
241 858 285 931 de
303 858 424 932 terrai
455 858 748 949 Reliquerit‘haec
763 858 843 931 sane
860 860 959 940 Deus
979 862 1137 941 humanis
1153 867 1206 944 inss
1298 879 1304 891 “

144 957 259 1129 {emis
275 957 448 1033 eruenda:
472 975 591 1033 tamen
606 956 682 1033 fieri
695 980 771 1032 non
786 955 917 1051 potest,
926 961 1009 1053 quin
1020 958 1128 1058 ipsius
1135 968 1204 1044 snt

179 1058 295 1147 mnia,
322 1060 381 1149 qui
397 1056 646 1151 &sapientiam
663 1058 789 1131 tribuit
802 1060 952 1150 homini,
961 1071 1002 1133 ut
1011 1062 1205 1163 inueniret,

148 1154 186 1228 dr
203 1157 261 1228 illa
277 1156 371 1248 ipsa,
395 1168 474 1250 quae
489 1156 630 1250 poisent
643 1151 809 1231 inveniri.
852 1156 960 1233 Artes
976 1181 1120 1255 quoque
1135 1165 1203 1241 suis

149 1255 405 1328 inventoribus
429 1256 731 1342 immortalitatem
755 1255 928 1351 peperisse
949 1256 1136 1360 dicuntur,
1161 1279 1205 1340 ut

148 1351 564 1448 AEsculapiomedicin'a,
590 1356 759 1428 Vulcano
771 1355 913 1431 fabrica.
958 1356 1125 1437 Colamus
1142 1366 1205 1464 igi·

149 1454 371 1546 tur&illos‚
405 1455 465 1545 qui
491 1453 699 1526 fullonicam
725 1452 963 1545 sutrinamque
987 1457 1202 1542 domrerunt.
1242 1462 1300 1512 ¹³

150 1552 226 1636 Cur
239 1569 358 1627 eutem
370 1550 713 1648 figulinaerepertori
726 1551 847 1625 honos
859 1573 935 1627 non
948 1554 1124 1633 habetur?
1143 1563 1205 1638 Aa
1282 1561 1286 1571 “

150 1653 233 1743 quia
244 1651 298 1724 isti
311 1653 441 1725 divites
458 1649 537 1724 vasa
550 1649 663 1743 Samia
676 1651 939 1730 contemnunt?
954 1731 958 1741 ,
980 1652 1071 1731 Sunt
1084 1658 1118 1734 ,dr
1131 1661 1206 1736 alio

149 1766 261 1847 artes,
271 1771 417 1842 quarum
430 1764 635 1845 repertores
653 1751 815 1825 humanae
832 1752 916 1823 vitu
925 1753 1112 1846 plurimum
1121 1751 1205 1851 pro·
1309 1780 1311 1785 ·

149 1849 311 1926 fuerunt.
354 1849 428 1921 Cur
445 1871 521 1923 non
541 1850 573 1921 dr
590 1850 659 1923 iliis
680 1851 850 1924 attributa
865 1847 946 1925 sunt
964 1855 1123 1949 templa?
1147 1857 1205 1932 sed

148 1950 316 2025 nimirum
326 1947 568 2040 Minervaest,
583 1970 660 2041 quae
672 1969 798 2023 omnes
812 1951 964 2042 reperit:
989 1952 1145 2049 ideoque
1153 1958 1204 2031 iili

151 2045 302 2140 opifices
319 2048 526 2143 supplicant.
551 2046 650 2144 Ergo
666 2052 709 2121 ab
726 2048 780 2123 his
795 2045 956 2124 sordibus
976 2053 1143 2131 Minerva
1158 2055 1204 2131 as·

150 2148 275 2221 cendit
290 2150 327 2222 in
346 2150 484 2223 coelum.
510 2146 570 2221 Est
585 2168 695 2239 vero,
724 2169 786 2221 cur
799 2150 970 2245 quispiam
985 2152 1206 2248 derelinquat
1275 2150 1278 2154 ’

152 2267 257 2339 eum,
285 2253 344 2341 qui
363 2261 492 2326 terram
509 2268 589 2321 curn
607 2248 860 2343 animantibus,
873 2251 998 2324 coeium
1014 2273 1095 2328 curn
1109 2255 1205 2328 astris

149 2345 185 2419 u
202 2347 389 2423 bminibus
403 2345 548 2421 exorsus
561 2346 632 2429 est,
648 2363 690 2420 ut
704 2370 780 2422 earn
796 2361 1002 2440 veneretur,
1013 2370 1089 2442 quae
1101 2355 1208 2426 teiam

153 2446 281 2520 docuit
295 2447 432 2520 ordiri?
484 2448 580 2543 Quid
594 2448 676 2536 ille,
703 2448 762 2537 qui
778 2450 928 2520 vulnera
940 2447 976 2520 in
992 2451 1209 2540 corporibus

152 2542 275 2621 sanare
289 2546 439 2621 docuit?
465 2566 548 2617 num
564 2549 682 2637 potest
697 2544 767 2617 effe
781 2544 1015 2636 praestantior,
1034 2568 1135 2638 quam
1149 2550 1209 2641 qui
1233 2583 1239 2594 ,

155 2640 604 2742 corporaipsafotma'viti
622 2643 795 2716 sentiendi
811 2662 853 2715 ac
868 2644 1016 2717 vivendi
1031 2639 1209 2735 rationem

152 2742 280 2818 dedit?
306 2748 432 2820 herbas
448 2743 600 2833 denique
616 2739 1212 2836 ipsaqucaererqquibusmedendi.
1296 2808 1303 2823 .

157 2863 215 2922 ars
232 2844 392 2938 conibt,
418 2842 642 2939 excogitavit
656 2863 698 2914 ac
710 2840 890 2941 protulit?
1223 2849 1226 2856 ’

473 3179 504 3256 C
528 3178 565 3254 A
589 3180 615 3254 P
639 3180 679 3254 U
701 3178 739 3255 T
760 3232 762 3236 -
786 3179 896 3256 XIX.
975 3253 979 3260 .

183 3344 280 3441 Quod
294 3347 394 3416 Deum
400 3366 511 3416 uerum
511 3341 608 3439 βαιά
615 3367 683 3416 crrm
694 3343 769 3444 Diis
779 3294 979 3414 vanis-nemo
981 3333 1200 3460 miramus

235 3544 361 3617 renim
377 3539 635 3633 dicetaliquis,
661 3538 794 3615 &huic
810 3537 960 3632 summo,
974 3538 1033 3630 qui
1042 3537 1214 3612 fecitom·
1280 3601 1290 3609 .

260 3643 337 3736 nia,
364 3641 500 3730 bribia,
519 3640 579 3732 qui
598 3640 726 3731 partim
742 3639 977 3733 profuerunt,
994 3635 1087 3712 suam
1104 3645 1214 3712 vena}

158 3743 340 3817 rationem
353 3739 422 3815 effe
436 3738 669 3814 tribuendam.
694 3738 846 3813 Primum
861 3759 930 3810 nec
943 3736 1071 3812 fadum
1089 3733 1215 3809 ostrin-

164 3861 291 3932 quam,
316 3854 371 3933 ut,
386 3839 681 3930 quihoscoiuit,
698 3839 806 3912 etiam
821 3838 936 3909 Deum
952 3836 1126 3922 coluerim
1153 3855 1216 3907 ne·

162 3961 237 4032 que
253 3937 332 4013 fieri
348 3937 488 4035 potest3
514 3936 713 4031 quoniamst
724 3936 943 4010 honosidem
952 3935 1120 4030 tribuitur
1128 3933 1219 4030 aiiir,

161 4039 238 4149 ipse
251 4044 400 4117 omuino
415 4059 493 4118 non
508 4035 789 4220 colitorbcujtrs
805 4037 931 4139 religio
944 4032 1018 4134 est,
1040 4029 1240 4142 iliumesse‘
