2825 4709
260 441 263 452 ,
316 340 1090 488 tanea11..na=ol101aamoa1e
1177 385 1224 472 ὃς

168 521 268 623 Quid
284 522 328 597 de
342 546 389 596 eo
402 524 531 619 facias,
558 516 638 619 qui,
657 497 748 601 cum
765 549 883 603 errare
900 528 935 603 se
949 530 1097 618 sentiat,
1121 534 1222 607 ultro

166 622 241 714 ipse
259 624 297 695 in
313 624 446 716 lapides
461 626 652 721 impingat,
676 641 718 726 ut
736 631 890 722 populus
907 630 1023 722 omnis
1034 629 1222 714 offendat?

164 720 240 817 ipse
260 721 321 795 fibi
336 726 465 796 oculos
480 740 593 816 eruat,
608 739 649 797 ut
664 745 790 799 omnes
808 730 892 801 caeci
906 728 999 802 sant?
1026 731 1084 821 qui
1096 751 1166 802 nec
1178 729 1222 806 de

164 822 241 894 aliis
254 826 347 895 bene
358 838 556 915 mereatur,
584 829 674 917 qubs
689 829 822 919 patitur
836 846 973 917 errare3
999 828 1223 923 necdeseip-

140 918 225 1012 so,
253 922 311 1014 qui
327 922 448 1012 alienis
463 924 605 996 accedit
619 926 821 1019 erroribus,
848 948 916 1000 nec
939 930 1052 1000 utitur
1077 930 1220 1003 tandem

163 1016 343 1112 sapientiae
360 1019 426 1093 suae
440 1024 565 1114 bono,
592 1040 634 1095 ut
659 1023 757 1097 sadis
784 1028 948 1119 impleat,
976 1030 1073 1118 quod
1099 1043 1220 1101 mente

161 1122 348 1213 percepit,
375 1121 431 1193 sed
448 1124 603 1219 prudens
621 1122 778 1196 &sciens
797 1127 923 1217 pedem
941 1129 1070 1218 laqueo
1084 1126 1218 1220 inserit,
1313 1210 1318 1216 ¹

162 1234 206 1290 ut
220 1220 411 1295 srmulcum
428 1224 585 1313 caeteris,
612 1244 703 1313 quos
719 1224 870 1298 liberare
883 1240 924 1298 ut
939 1213 1150 1315 prudentior
1161 1227 1219 1300 de·

162 1318 264 1411 buit,
290 1317 408 1410 &ipse
425 1321 607 1411 capiatur?
642 1323 740 1420 Quin
756 1325 899 1416 potius,
926 1325 949 1396 s1
966 1328 1048 1416 quid
1065 1328 1144 1418 tibi,
1162 1321 1235 1399 cii
1263 1415 1265 1420 ,

160 1439 266 1509 cero,
277 1417 419 1491 virtutis
431 1418 497 1504 est:
523 1422 686 1513 experire
696 1425 869 1513 populum
879 1422 997 1495 facere
1009 1423 1217 1515 sapientem:

161 1518 268 1613 digna
281 1539 337 1591 res
356 1515 427 1607 est,
452 1517 513 1590 ubi
529 1540 654 1591 omnes
671 1521 886 1611 eloquentia
897 1536 966 1592 tuae
977 1522 1069 1595 vires
1082 1546 1217 1601 exeras.

159 1615 252 1691 Non
275 1617 369 1691 enim
385 1617 583 1691 verendum
602 1617 673 1711 est,
699 1640 746 1694 ne
759 1621 797 1691 in
816 1633 886 1692 tam
904 1622 999 1692 bona
1014 1620 1113 1694 causa
1131 1620 1230 1694 defi:

161 1717 385 1804 maturatio,
414 1718 473 1807 qui
496 1715 584 1810 saepe
607 1720 713 1791 etiam
728 1720 835 1791 malas
855 1720 1001 1812 copiose
1014 1743 1055 1793 ac
1071 1720 1216 1793 sortiter

158 1815 356 1890 defendisti.
382 1815 625 1891 Sednimirum
635 1816 792 1890 Socratis
802 1839 979 1916 carcerem
989 1821 1107 1913 times,
1117 1822 1216 1897 ideo·
1264 1844 1289 1896 ,·

159 1937 230 2009 que
251 1916 490 2007 patrocinium
512 1916 675 1990 ueritatis
699 1915 870 2010 suscipere
892 1940 968 1992 non
990 1920 1110 1995 audes.
1162 1920 1217 1993 At

157 2027 315 2101 mortem
329 2029 370 2087 ut
386 2013 520 2108 sapiens
539 2030 773 2089 contemnere
791 2016 949 2094 debuisti.
987 2015 1035 2089 Et
1050 2034 1126 2093 erat
1141 2022 1214 2113 qui·

157 2115 241 2189 dem
256 2115 371 2188 multo
388 2114 592 2207 pulchrius,
618 2128 659 2187 ut
677 2116 726 2187 ob
743 2117 837 2189 bene
853 2116 942 2189 dista
957 2120 1094 2211 potius,
1109 2141 1214 2211 quam

157 2215 210 2287 ob
226 2211 407 2286 maledicta
420 2216 621 2290 morereris.
646 2212 730 2314 Nec
745 2215 821 2307 plus
840 2216 904 2289 tibi
919 2217 1030 2289 laudis
1046 2217 1211 2312 Philippi·

157 2312 569 2405 caeafferrepotuerunt,
585 2335 688 2407 quam
704 2312 867 2387 discussus
886 2336 986 2387 error
1003 2316 1143 2388 humani
1153 2339 1210 2410 ge·

155 2401 311 2504 neris‚‘&
327 2427 462 2486 mentes
475 2414 659 2488 hominum
673 2414 717 2487 ad
732 2413 915 2488 sanitatem
930 2428 991 2487 tua
1006 2413 1211 2518 disputatio·
1266 2451 1268 2455 ⁴

154 2527 412 2589 nereuocatae.

232 2610 300 2683 Sed
323 2603 561 2685 concedamus
584 2610 782 2703 timiditati,
809 2627 885 2703 quae
905 2611 942 2685 in
965 2610 1120 2704 sapiente
1142 2605 1211 2685 else

146 2732 234 2803 *non
250 2711 370 2786 debet.
397 2711 495 2808 Quid
512 2729 599 2807 ergo
614 2707 736 2803 ipsein
757 2711 885 2786 eodem
898 2710 1046 2784 versaris
1055 2709 1210 2786 ,errores

153 2810 279 2883 Video
294 2825 332 2883 te
346 2825 489 2884 terrena
504 2811 537 2884 dt
552 2808 748 2883 manufesta
762 2815 946 2902 venerariq
971 2807 1141 2904 vana'esse
1156 2811 1209 2884 lo-
1294 2825 1297 2838 ⁴

153 2909 306 3005 telligis‚
333 2909 500 2984 &tamen
515 2911 636 2983 eadem
651 2910 758 3001 facis,
786 2910 1007 3003 quaesaciunt
1017 2910 1098 3003 ipsi,
1116 2908 1210 3000 quos

152 3007 229 3105 ipse
243 3008 453 3083 stultislimos
472 3008 668 3083 confiteris.
695 3009 793 3106 Quid
808 3012 915 3106 igitur
931 3008 1068 3102 profuit
1085 3007 1207 3083 uidisse
1246 3067 1251 3088 .

151 3122 193 3182 te
204 3109 412 3201 veritatem,
438 3131 541 3202 quam
555 3132 624 3181 nec
640 3108 844 3182 defensurus
863 3107 969 3198 esses,
995 3106 1208 3195 necsecutu·
1290 3124 1292 3127 ·

151 3206 244 3282 rusi
271 3207 307 3279 Si
319 3209 472 3282 libenter
487 3224 607 3281 errant
624 3211 729 3282 etiam
744 3210 782 3301 ii,
793 3210 851 3314 qui
867 3229 984 3281 errare
993 3207 1026 3281 se
1038 3202 1206 3300 sentiunt,
1296 3207 1300 3218 '

151 3323 291 3402 quanto
306 3310 414 3403 magis
428 3310 558 3405 vulgus
572 3306 768 3400 indusium,
778 3306 875 3401 quod
887 3309 1028 3402 pompis
1043 3306 1205 3408 inanibus

150 3406 307 3505 gaudet,
319 3407 512 3499 animisque
528 3408 721 3502 puerilibus
736 3406 866 3500 spedat
883 3405 1025 3498 omnia?
1052 3395 1205 3508 oblesia·

151 3520 213 3579 tur
231 3506 392 3598 frivolis,
419 3506 583 3600 &specie
596 3508 859 3581 simulacrorum
878 3507 1203 3606 capitunoecpon·
1264 3554 1266 3558 -

151 3606 277 3678 derare
289 3603 406 3679 secum
421 3627 704 3699 unamquamque
718 3628 793 3681 rem
809 3605 928 3700 potest
936 3637 952 3695 ‚·
976 3619 1016 3677 ut
1029 3603 1204 3700 intelligat
1229 3699 1231 3704 .

149 3705 241 3779 nihil
262 3705 453 3779 colendum
470 3704 558 3798 else,
586 3703 1202 3798 quodoculismor‘talibuscernuus,
1229 3709 1231 3720 '

151 3805 234 3897 quia
253 3807 406 3878 mortale
426 3804 469 3877 fit
489 3806 629 3880 necesse
650 3805 711 3878 est.
761 3805 844 3880 Nec
867 3803 1063 3878 mirandum
1079 3802 1150 3896 est,
1175 3804 1202 3878 ll

147 3902 269 3979 Deum
278 3925 354 3978 non
365 3901 531 3993 videant,
557 3905 637 3978 cu'm
651 3904 713 3997 ipsa
727 3927 774 3980 ne
790 3904 973 3980 hominem
990 3900 1129 3993 quidem
1148 3901 1200 3978 vi·

146 4001 276 4099 deant,
292 4025 397 4097 quem
410 4004 536 4080 videre
548 4002 583 4080 se
599 4005 760 4178 erfidturt.
785 4004 871 4080 Hoc
882 4003 990 4112 enim,
1004 4001 1101 4098 quod
1106 4021 1200 4175 lairen
1299 4032 1303 4041 ·

258 4157 260 4164 ,
692 4124 712 4199 3
1132 4121 1150 4176 s
