2825 4709
163 357 238 432 432
263 335 392 411 rnre
416 335 693 410 Lecrnurrr
719 355 870 412 nrum.
893 333 1163 420 lesmor,

166 496 213 570 de
230 517 277 570 eo
299 496 502 588 loquimur,
527 495 584 568 cui
607 497 750 570 calcatis
765 497 933 571 omnibus
948 499 1139 592 terrenis,
1153 499 1225 582 ¹iter

164 597 203 670 in
220 599 347 670 coelum
360 611 514 690 paretur.
564 593 659 670 Naro
673 597 756 688 quie
768 599 886 668 virtus
899 600 938 670 in
950 597 1027 670 Dei
1042 600 1228 694 agnitione

166 695 344 787 confiuit,
370 695 627 791 omniagravie
643 693 742 786 sunt,
764 696 848 770 dum
862 697 1035 792 ignores3
1066 699 1134 771 ubi
1148 705 1227 795 cog-

166 795 337 886 noveris,
363 793 490 868 facilia„
539 792 607 865 Per
620 792 711 887 ipses
724 793 949 868 difficultates
965 798 1081 871 nobis
1099 818 1226 873 exeun·

168 895 253 970 dum
266 894 336 986 est,'
362 894 422 986 qui
439 893 482 966 ad
495 891 665 969 summum
678 897 817 970 bonum
834 895 1028 972 tendimus.

452 1230 484 1305 C
508 1229 545 1306 A
568 1231 596 1306 P
621 1233 659 1309 U
683 1233 721 1308 T
769 1235 927 1310 XXIV.

270 1393 322 1464 De
343 1393 560 1485 renitentia,
590 1396 627 1468 de
649 1399 777 1486 Verria,
808 1424 846 1470 oc
866 1401 1035 1495 Praeprir
1056 1399 1139 1471 nei.

220 1594 294 1680 Teo
307 1605 426 1665 tamen
442 1587 586 1666 deficiet
601 1596 750 1691 aliquis,
777 1609 839 1672 eut
854 1594 900 1670 de
915 1592 1042 1687 seipse
1056 1592 1230 1688 desperet,

173 1721 177 1730 ¹
280 1690 306 1763 sr
328 1704 389 1764 aut
410 1692 605 1782 cupiditate
627 1694 766 1788 vidus,
796 1709 860 1768 aut
877 1694 1028 1769 libidine
1047 1693 1227 1788 impulsus,

173 1807 236 1866 aut
257 1809 383 1863 errore
404 1790 601 1885 deceptus,
637 1797 757 1867 autri
779 1793 952 1887 cordius,
985 1794 1033 1866 ad
1055 1792 1227 1887 injustitie

171 1895 269 1968 viam
289 1889 400 1982 lapsus
422 1890 483 1964 est.
530 1890 654 1966 Potest
671 1897 766 1968 enim
784 1895 929 1985 reduci,
954 1915 999 1966 ec
1014 1895 1183 1985 liberari,
1205 1891 1227 1965 fi

173 2014 255 2068 eum
269 1992 441 2081 poeniteat
457 1987 635 2084 edorum,
663 1993 696 2065 o
715 1995 759 2072 ad
773 1996 924 2068 meliora
937 1990 1164 2085 conversus,
1184 1988 1228 2063 se·
1265 2007 1267 2052 2

173 2090 329 2168 tisfaciet
343 2088 439 2163 Deo.
492 2092 604 2187 Quod
626 2089 704 2165 fieri
720 2093 820 2187 poffe
832 2090 962 2166 Cicero
978 2113 1062 2165 non
1078 2091 1228 2185 putavit,

176 2194 276 2283 cujus
299 2189 375 2262 hec
396 2189 433 2260 in
452 2185 674 2264 Academico
689 2194 800 2265 tertio
817 2193 930 2264 verba
943 2189 1046 2264 suot:
1081 2189 1230 2290 „Quod

174 2292 240 2391 „fi
264 2289 391 2362 liceret
404 2288 511 2379 otiis,
526 2291 585 2381 qui
601 2291 637 2364 in
651 2293 780 2364 itinere
793 2281 1067 2380 deerraviffefit,
1079 2291 1131 2363 sie
1143 2292 1230 2363 viem

175 2448 205 2489 „
217 2390 357 2463 deviam
371 2385 512 2459 secutos
528 2394 708 2486 corrigere
727 2412 885 2464 errorem
898 2391 1138 2485 poenitendo,
1153 2388 1229 2461 faci·

176 2548 206 2589 „
217 2493 286 2563 lior
297 2488 384 2562 esset
395 2489 828 2564 emendatiotemeritatis.
838 2494 865 2531 “
886 2489 1122 2580 Licetplane.
1143 2489 1230 2561 Nam

177 2595 203 2668 si
224 2593 358 2664 liberos
380 2588 543 2678 nostros,
570 2612 649 2663 cum
667 2590 877 2662 deric‘torum
896 2587 1039 2661 suorum
1055 2589 1228 2661 cernimus

178 2693 374 2788 poenitere,
409 2687 592 2762 correftos
620 2689 688 2762 effe
721 2690 952 2778 arbitramur,
985 2688 1230 2759 &abdicatos

180 2788 410 2883 abjectosque
430 2787 545 2859 rursus
563 2793 682 2861 tamen
700 2788 918 2880 suscipimus,
944 2787 1142 2879 fovemus,
1167 2808 1231 2857 am·

179 2888 388 2987 pledimur:
429 2907 492 2957 cur
525 2887 746 2980 desperemus
778 2887 999 2960 clementiam
1026 2886 1102 2958 Dei
1129 2887 1229 2978 patris

180 2987 390 3086 poenitendo
417 2985 517 3078 poffe
544 2987 702 3080 placari?
741 2985 837 3081 Ergo
861 2987 954 3058 idem
981 2985 1166 3057 Dominus
1193 3004 1232 3056 ac

179 3109 309 3187 parens
335 3086 646 3181 indulgentissimus
672 3086 890 3158 remiiiurum
915 3084 961 3156 se.
977 3086 1231 3175 poenitentibus

181 3203 331 3286 peccata
347 3187 549 3278 promittit,
581 3187 614 3257 &
636 3187 907 3258 obliteraturum
926 3205 1050 3255 omnes
1073 3186 1232 3275 iniquita·

182 3304 239 3364 tes
261 3289 359 3379 ejus,
391 3288 450 3376 qui
470 3284 636 3375 justitiam
662 3286 782 3357 denuo
808 3287 955 3375 coeperit
980 3286 1140 3373 operari.
1188 3284 1233 3355 Si·

184 3406 248 3464 cut
269 3388 362 3461 enim
386 3385 471 3457 nihil
495 3383 637 3476 prodest
661 3388 751 3456 male
776 3386 916 3455 viventi
937 3396 1019 3453 ante
1044 3381 1131 3454 adice
1156 3384 1233 3453 vite

183 3490 369 3584 probitas,
405 3484 484 3574 quia
504 3481 756 3574 superveniens
779 3484 937 3572 nequitia
958 3481 1101 3571 justitio
1126 3502 1235 3576 opere

184 3588 340 3662 delevit:
374 3586 423 3654 ira
443 3580 530 3653 nihii
553 3580 715 3654 officiunt
734 3597 882 3673 peccata
905 3597 1030 3651 vetera
1052 3582 1233 3672 comedo,

185 3688 267 3781 quia
291 3683 541 3776 superveniens
565 3681 696 3771 justitia
721 3684 834 3753 labem
857 3681 939 3752 vitae
960 3681 1092 3771 prioris
1118 3683 1236 3753 obole-

184 3791 253 3862 vit.
301 3784 334 3857 Is
356 3781 448 3854 enim
469 3801 572 3868 quem
592 3780 671 3852 fecii
692 3780 739 3851 sui
760 3781 931 3872 poenitet,
960 3800 1122 3850 errorem
1141 3778 1234 3852 suum

186 3884 367 3983 pristinum
385 3880 571 3974 intelligit3
603 3881 756 3969 ideoque
777 3880 1033 3951 Croci-melius
1059 3878 1092 3949 dr
1113 3876 1236 3973 signifi·

187 3986 298 4062 cetius
318 4004 501 4072 perorator
520 3978 668 4076 dicunt,
700 4001 804 4072 quam
826 4001 895 4053 nos
919 3980 1030 4053 iatine
1055 3976 1235 4154 poffignus

820 4123 825 4132 .
1109 4098 1150 4151 se
1177 4120 1191 4137 ι
