<?xml version="1.0" encoding="UTF-8"?>
<!DOCTYPE html PUBLIC "-//W3C//DTD XHTML 1.0 Transitional//EN"
    "http://www.w3.org/TR/xhtml1/DTD/xhtml1-transitional.dtd">
<html xmlns="http://www.w3.org/1999/xhtml" xml:lang="en" lang="en">
 <head>
  <title>
</title>
<meta http-equiv="Content-Type" content="text/html;charset=utf-8" />
  <meta name='ocr-system' content='tesseract 3.04.00' />
  <meta name='ocr-capabilities' content='ocr_page ocr_carea ocr_par ocr_line ocrx_word'/>
</head>
<body>
  <div class='ocr_page' id='page_1' title='image "./operaomniasanct07librgoog_0389.png"; bbox 0 0 2825 4709; ppageno 0'>
   <div class='ocr_carea' id='block_1_1' title="bbox 277 289 1316 446">
    <p class='ocr_par' dir='ltr' id='par_1_1' title="bbox 277 289 1316 446">
     <span class='ocr_line' id='line_1_1' title="bbox 277 289 1316 446; baseline 0.004 -27"><span class='ocrx_word' id='word_1_1' title='bbox 277 359 290 378; x_wconf 85' lang='lat'>··</span> <span class='ocrx_word' id='word_1_2' title='bbox 367 307 962 432; x_wconf 58' lang='lat' dir='ltr'>transmissurum.</span> <span class='ocrx_word' id='word_1_3' title='bbox 1025 289 1218 446; x_wconf 13' lang='lat' dir='ltr'>:ism</span> <span class='ocrx_word' id='word_1_4' title='bbox 1314 317 1316 324; x_wconf 33' lang='lat'><strong>¹</strong></span> 
     </span>
    </p>
   </div>
   <div class='ocr_carea' id='block_1_2' title="bbox 112 449 1313 4156">
    <p class='ocr_par' dir='ltr' id='par_1_2' title="bbox 141 449 1313 2071">
     <span class='ocr_line' id='line_1_2' title="bbox 145 449 1208 608; baseline -0.011 -25"><span class='ocrx_word' id='word_1_5' title='bbox 145 449 255 600; x_wconf 55' lang='lat' dir='ltr'>istst,¹</span> <span class='ocrx_word' id='word_1_6' title='bbox 274 523 353 600; x_wconf 80' lang='lat' dir='ltr'>quat</span> <span class='ocrx_word' id='word_1_7' title='bbox 371 503 405 578; x_wconf 72' lang='grc' dir='ltr'>ἀ</span> <span class='ocrx_word' id='word_1_8' title='bbox 422 504 673 595; x_wconf 85' lang='lat' dir='ltr'>voluptatibus</span> <span class='ocrx_word' id='word_1_9' title='bbox 689 516 802 598; x_wconf 83' lang='lat' dir='ltr'>caret,</span> <span class='ocrx_word' id='word_1_10' title='bbox 819 502 1208 608; x_wconf 75' lang='lat' dir='ltr'>&amp;omnia&#39;quaehabem</span> 
     </span>
     <span class='ocr_line' id='line_1_3' title="bbox 143 602 1206 700; baseline 0 -20"><span class='ocrx_word' id='word_1_11' title='bbox 143 619 204 680; x_wconf 86' lang='lat' dir='ltr'>tur</span> <span class='ocrx_word' id='word_1_12' title='bbox 220 606 377 681; x_wconf 83' lang='lat' dir='ltr'>inbonis</span> <span class='ocrx_word' id='word_1_13' title='bbox 396 602 548 697; x_wconf 81' lang='lat' dir='ltr'>spernit3</span> <span class='ocrx_word' id='word_1_14' title='bbox 577 604 684 695; x_wconf 65' lang='lat' dir='ltr'>&amp;qui</span> <span class='ocrx_word' id='word_1_15' title='bbox 701 624 776 676; x_wconf 90' lang='lat' dir='ltr'>non</span> <span class='ocrx_word' id='word_1_16' title='bbox 794 617 931 680; x_wconf 88' lang='lat' dir='ltr'>tanturn</span> <span class='ocrx_word' id='word_1_17' title='bbox 946 603 1096 700; x_wconf 86' lang='lat' dir='ltr'>profide</span> <span class='ocrx_word' id='word_1_18' title='bbox 1110 629 1206 683; x_wconf 91' lang='lat' dir='ltr'>mor·</span> 
     </span>
     <span class='ocr_line' id='line_1_4' title="bbox 143 699 1255 806; baseline 0.004 -26"><span class='ocrx_word' id='word_1_19' title='bbox 143 720 218 780; x_wconf 87' lang='lat' dir='ltr'>tem</span> <span class='ocrx_word' id='word_1_20' title='bbox 232 705 422 795; x_wconf 85' lang='lat' dir='ltr'><strong>subierint,</strong></span> <span class='ocrx_word' id='word_1_21' title='bbox 448 700 628 778; x_wconf 86' lang='lat' dir='ltr'>sedetiam</span> <span class='ocrx_word' id='word_1_22' title='bbox 644 705 842 785; x_wconf 83' lang='lat' dir='ltr'>morituros</span> <span class='ocrx_word' id='word_1_23' title='bbox 859 700 979 780; x_wconf 78' lang='lat' dir='ltr'>essese</span> <span class='ocrx_word' id='word_1_24' title='bbox 997 707 1029 780; x_wconf 76' lang='lat' dir='ltr'>st</span> <span class='ocrx_word' id='word_1_25' title='bbox 1048 699 1206 806; x_wconf 75' lang='lat' dir='ltr'>scierint,</span> <span class='ocrx_word' id='word_1_26' title='bbox 1250 719 1255 734; x_wconf 92' lang='grc'><em>’</em></span> 
     </span>
     <span class='ocr_line' id='line_1_5' title="bbox 142 800 1273 898; baseline 0.003 -20"><span class='ocrx_word' id='word_1_27' title='bbox 142 804 436 896; x_wconf 84' lang='lat' dir='ltr'>&amp;praedixerint,</span> <span class='ocrx_word' id='word_1_28' title='bbox 464 800 857 895; x_wconf 81' lang='lat' dir='ltr'>&amp;posteauniversos,</span> <span class='ocrx_word' id='word_1_29' title='bbox 884 805 947 895; x_wconf 84' lang='lat' dir='ltr'>q&#39;us</span> <span class='ocrx_word' id='word_1_30' title='bbox 962 823 1087 898; x_wconf 84' lang='lat' dir='ltr'>eorum</span> <span class='ocrx_word' id='word_1_31' title='bbox 1106 805 1220 886; x_wconf 70' lang='lat' dir='ltr'>disci,</span> <span class='ocrx_word' id='word_1_32' title='bbox 1265 813 1273 841; x_wconf 30' lang='grc' dir='ltr'><strong>Χ</strong></span> 
     </span>
     <span class='ocr_line' id='line_1_6' title="bbox 141 895 1220 1000; baseline 0.007 -26"><span class='ocrx_word' id='word_1_33' title='bbox 141 895 400 1000; x_wconf 85' lang='lat' dir='ltr'>plinam-secuti</span> <span class='ocrx_word' id='word_1_34' title='bbox 418 899 549 994; x_wconf 74' lang='lat' dir='ltr'>essent,</span> <span class='ocrx_word' id='word_1_35' title='bbox 576 900 1096 996; x_wconf 68' lang='lat' dir='ltr'>acerbaoneranda-paffuroe.</span> <span class='ocrx_word' id='word_1_36' title='bbox 1147 905 1220 1000; x_wconf 61' lang='lat' dir='ltr'>[pi-</span> 
     </span>
     <span class='ocr_line' id='line_1_7' title="bbox 142 991 1205 1100; baseline 0.004 -25"><span class='ocrx_word' id='word_1_37' title='bbox 142 1000 219 1076; x_wconf 87' lang='lat' dir='ltr'>sum</span> <span class='ocrx_word' id='word_1_38' title='bbox 234 1016 357 1076; x_wconf 88' lang='lat' dir='ltr'>autem</span> <span class='ocrx_word' id='word_1_39' title='bbox 371 997 545 1074; x_wconf 89' lang='lat' dir='ltr'>Christum</span> <span class='ocrx_word' id='word_1_40' title='bbox 562 991 750 1074; x_wconf 79' lang='lat' dir='ltr'>sffirnavit</span> <span class='ocrx_word' id='word_1_41' title='bbox 765 1022 785 1076; x_wconf 93' lang='lat' dir='ltr'>a</span> <span class='ocrx_word' id='word_1_42' title='bbox 799 1001 926 1095; x_wconf 79' lang='lat' dir='ltr'>Judaeis</span> <span class='ocrx_word' id='word_1_43' title='bbox 943 1001 1116 1100; x_wconf 87' lang='lat' dir='ltr'>fugatum,</span> <span class='ocrx_word' id='word_1_44' title='bbox 1128 1008 1205 1080; x_wconf 87' lang='lat' dir='ltr'>cos·</span> 
     </span>
     <span class='ocr_line' id='line_1_8' title="bbox 143 1099 1204 1198; baseline 0.008 -23"><span class='ocrx_word' id='word_1_45' title='bbox 143 1099 236 1175; x_wconf 68' lang='lat' dir='ltr'>leiia</span> <span class='ocrx_word' id='word_1_46' title='bbox 251 1113 519 1198; x_wconf 87' lang='lat' dir='ltr'>nongentorum</span> <span class='ocrx_word' id='word_1_47' title='bbox 534 1102 719 1174; x_wconf 90' lang='lat' dir='ltr'>hominum</span> <span class='ocrx_word' id='word_1_48' title='bbox 733 1121 853 1193; x_wconf 90' lang='lat' dir='ltr'>manu,</span> <span class='ocrx_word' id='word_1_49' title='bbox 874 1101 1204 1184; x_wconf 75' lang='lat' dir='ltr'>latrocinisfetiffm</span> 
     </span>
     <span class='ocr_line' id='line_1_9' title="bbox 144 1199 1218 1300; baseline 0.007 -28"><span class='ocrx_word' id='word_1_50' title='bbox 144 1203 236 1300; x_wconf 87' lang='lat' dir='ltr'>Quis</span> <span class='ocrx_word' id='word_1_51' title='bbox 256 1215 365 1274; x_wconf 68' lang='lat' dir='ltr'>tante</span> <span class='ocrx_word' id='word_1_52' title='bbox 383 1201 570 1272; x_wconf 82' lang='lat' dir='ltr'>autoritati</span> <span class='ocrx_word' id='word_1_53' title='bbox 590 1200 720 1274; x_wconf 88' lang='lat' dir='ltr'>audeat</span> <span class='ocrx_word' id='word_1_54' title='bbox 733 1199 957 1295; x_wconf 68' lang='lat' dir='ltr'>repugnare?</span> <span class='ocrx_word' id='word_1_55' title='bbox 1008 1199 1218 1280; x_wconf 80' lang='lat' dir='ltr'>Credamua=</span> 
     </span>
     <span class='ocr_line' id='line_1_10' title="bbox 142 1297 1207 1394; baseline 0.005 -20"><span class='ocrx_word' id='word_1_56' title='bbox 142 1302 218 1375; x_wconf 88' lang='lat' dir='ltr'>hoc</span> <span class='ocrx_word' id='word_1_57' title='bbox 229 1299 355 1391; x_wconf 84' lang='lat' dir='ltr'>plane;</span> <span class='ocrx_word' id='word_1_58' title='bbox 379 1319 460 1372; x_wconf 86' lang='lat' dir='ltr'>nam</span> <span class='ocrx_word' id='word_1_59' title='bbox 480 1297 627 1372; x_wconf 87' lang='lat' dir='ltr'>fortasse</span> <span class='ocrx_word' id='word_1_60' title='bbox 642 1300 714 1372; x_wconf 89' lang='lat' dir='ltr'>hoc</span> <span class='ocrx_word' id='word_1_61' title='bbox 728 1299 778 1372; x_wconf 87' lang='lat' dir='ltr'>illi</span> <span class='ocrx_word' id='word_1_62' title='bbox 792 1300 830 1372; x_wconf 91' lang='lat' dir='ltr'>in</span> <span class='ocrx_word' id='word_1_63' title='bbox 848 1298 977 1374; x_wconf 86' lang='lat' dir='ltr'>somnis</span> <span class='ocrx_word' id='word_1_64' title='bbox 994 1301 1134 1394; x_wconf 88' lang='lat' dir='ltr'>Apollo</span> <span class='ocrx_word' id='word_1_65' title='bbox 1144 1304 1207 1380; x_wconf 83' lang='lat' dir='ltr'>asi·</span> 
     </span>
     <span class='ocr_line' id='line_1_11' title="bbox 141 1394 1205 1495; baseline 0.006 -24"><span class='ocrx_word' id='word_1_66' title='bbox 141 1398 220 1491; x_wconf 87' lang='lat' dir='ltr'>quis</span> <span class='ocrx_word' id='word_1_67' title='bbox 234 1398 425 1486; x_wconf 79' lang='lat' dir='ltr'>nuntiavit.</span> <span class='ocrx_word' id='word_1_68' title='bbox 450 1394 679 1490; x_wconf 83' lang='lat' dir='ltr'>Totsemper</span> <span class='ocrx_word' id='word_1_69' title='bbox 693 1400 851 1472; x_wconf 86' lang='lat' dir='ltr'>latrones</span> <span class='ocrx_word' id='word_1_70' title='bbox 867 1401 1205 1495; x_wconf 59' lang='lat' dir='ltr'>perierunuuquo·</span> 
     </span>
     <span class='ocr_line' id='line_1_12' title="bbox 143 1494 1204 1592; baseline 0.004 -20"><span class='ocrx_word' id='word_1_71' title='bbox 143 1498 232 1572; x_wconf 88' lang='lat' dir='ltr'>tidie</span> <span class='ocrx_word' id='word_1_72' title='bbox 251 1511 423 1591; x_wconf 72' lang='lat' dir='ltr'>peremta</span> <span class='ocrx_word' id='word_1_73' title='bbox 449 1496 574 1588; x_wconf 87' lang='lat' dir='ltr'>utique</span> <span class='ocrx_word' id='word_1_74' title='bbox 598 1497 732 1569; x_wconf 86' lang='lat' dir='ltr'>multos</span> <span class='ocrx_word' id='word_1_75' title='bbox 759 1494 890 1589; x_wconf 87' lang='lat' dir='ltr'>&amp;ipse</span> <span class='ocrx_word' id='word_1_76' title='bbox 915 1498 1098 1575; x_wconf 82' lang='lat' dir='ltr'>damnasti:</span> <span class='ocrx_word' id='word_1_77' title='bbox 1126 1503 1204 1592; x_wconf 74' lang='lat' dir='ltr'>quta</span> 
     </span>
     <span class='ocr_line' id='line_1_13' title="bbox 143 1593 1313 1690; baseline 0.003 -18"><span class='ocrx_word' id='word_1_78' title='bbox 143 1607 271 1672; x_wconf 88' lang='lat' dir='ltr'>e&#39;orum</span> <span class='ocrx_word' id='word_1_79' title='bbox 286 1596 523 1690; x_wconf 82' lang='lat' dir='ltr'>postcrncem</span> <span class='ocrx_word' id='word_1_80' title='bbox 540 1593 633 1670; x_wconf 91' lang='lat' dir='ltr'>suam</span> <span class='ocrx_word' id='word_1_81' title='bbox 648 1617 725 1669; x_wconf 89' lang='lat' dir='ltr'>non</span> <span class='ocrx_word' id='word_1_82' title='bbox 740 1595 854 1690; x_wconf 85' lang='lat' dir='ltr'>dicsm</span> <span class='ocrx_word' id='word_1_83' title='bbox 871 1593 986 1689; x_wconf 84' lang='lat' dir='ltr'>Deus,</span> <span class='ocrx_word' id='word_1_84' title='bbox 1013 1595 1203 1675; x_wconf 84' lang='lat' dir='ltr'>sed&#39;homo</span> <span class='ocrx_word' id='word_1_85' title='bbox 1310 1625 1313 1632; x_wconf 79' lang='grc'><strong>’</strong></span> 
     </span>
     <span class='ocr_line' id='line_1_14' title="bbox 144 1693 1205 1795; baseline 0 -25"><span class='ocrx_word' id='word_1_86' title='bbox 144 1699 341 1791; x_wconf 87' lang='lat' dir='ltr'>appellatus</span> <span class='ocrx_word' id='word_1_87' title='bbox 356 1694 431 1770; x_wconf 81' lang='lat' dir='ltr'>esti</span> <span class='ocrx_word' id='word_1_88' title='bbox 465 1695 602 1772; x_wconf 86' lang='lat' dir='ltr'>Verum</span> <span class='ocrx_word' id='word_1_89' title='bbox 628 1708 669 1768; x_wconf 90' lang='lat' dir='ltr'>tu</span> <span class='ocrx_word' id='word_1_90' title='bbox 692 1693 841 1768; x_wconf 86' lang='lat' dir='ltr'>forsitan</span> <span class='ocrx_word' id='word_1_91' title='bbox 867 1717 914 1768; x_wconf 84' lang='lat' dir='ltr'>ex</span> <span class='ocrx_word' id='word_1_92' title='bbox 940 1717 986 1769; x_wconf 90' lang='lat' dir='ltr'>eo</span> <span class='ocrx_word' id='word_1_93' title='bbox 1013 1697 1205 1795; x_wconf 86' lang='lat' dir='ltr'>credidisti,</span> 
     </span>
     <span class='ocr_line' id='line_1_15' title="bbox 143 1791 1214 1889; baseline 0.003 -21"><span class='ocrx_word' id='word_1_94' title='bbox 143 1798 225 1889; x_wconf 87' lang='lat' dir='ltr'>quia</span> <span class='ocrx_word' id='word_1_95' title='bbox 246 1817 317 1870; x_wconf 88' lang='lat' dir='ltr'>vos</span> <span class='ocrx_word' id='word_1_96' title='bbox 336 1794 550 1870; x_wconf 71' lang='lat' dir='ltr'><strong>homicidam</strong></span> <span class='ocrx_word' id='word_1_97' title='bbox 574 1794 730 1868; x_wconf 86' lang='lat' dir='ltr'>Martem</span> <span class='ocrx_word' id='word_1_98' title='bbox 754 1791 984 1870; x_wconf 83' lang='lat' dir='ltr'>consecrastis</span> <span class='ocrx_word' id='word_1_99' title='bbox 1006 1811 1048 1870; x_wconf 89' lang='lat' dir='ltr'>ut</span> <span class='ocrx_word' id='word_1_100' title='bbox 1062 1796 1214 1878; x_wconf 46' lang='lat' dir='ltr'>neone:</span> 
     </span>
     <span class='ocr_line' id='line_1_16' title="bbox 144 1891 1205 1995; baseline 0.007 -28"><span class='ocrx_word' id='word_1_101' title='bbox 144 1896 243 1988; x_wconf 91' lang='lat' dir='ltr'>quod</span> <span class='ocrx_word' id='word_1_102' title='bbox 261 1912 470 1969; x_wconf 87' lang='lat' dir='ltr'>tamennon</span> <span class='ocrx_word' id='word_1_103' title='bbox 484 1891 674 1988; x_wconf 74' lang='lat' dir='ltr'>fecissetis,</span> <span class='ocrx_word' id='word_1_104' title='bbox 699 1892 832 1968; x_wconf 86' lang='lat' dir='ltr'>siislum</span> <span class='ocrx_word' id='word_1_105' title='bbox 842 1892 1205 1995; x_wconf 83' lang='lat' dir='ltr'>Areopagitaeincru·</span> 
     </span>
     <span class='ocr_line' id='line_1_17' title="bbox 144 1991 616 2071; baseline -0.015 0"><span class='ocrx_word' id='word_1_106' title='bbox 144 2016 225 2071; x_wconf 88' lang='lat' dir='ltr'>cem</span> <span class='ocrx_word' id='word_1_107' title='bbox 239 1991 459 2070; x_wconf 73' lang='lat' dir='ltr'>sustulissent.</span> <span class='ocrx_word' id='word_1_108' title='bbox 614 2021 616 2030; x_wconf 94' lang='lat'>·</span> 
     </span>
    </p>

    <p class='ocr_par' dir='ltr' id='par_1_3' title="bbox 112 2088 1273 4076">
     <span class='ocr_line' id='line_1_18' title="bbox 217 2088 1207 2188; baseline 0.011 -22"><span class='ocrx_word' id='word_1_109' title='bbox 217 2092 316 2166; x_wconf 85' lang='lat' dir='ltr'>ldem</span> <span class='ocrx_word' id='word_1_110' title='bbox 325 2112 406 2166; x_wconf 90' lang='lat' dir='ltr'>cum</span> <span class='ocrx_word' id='word_1_111' title='bbox 418 2088 592 2183; x_wconf 73' lang='lat' dir='ltr'>fastaejus</span> <span class='ocrx_word' id='word_1_112' title='bbox 606 2090 778 2165; x_wconf 87' lang='lat' dir='ltr'>mirabilia</span> <span class='ocrx_word' id='word_1_113' title='bbox 792 2090 1002 2188; x_wconf 83' lang='lat' dir='ltr'>destrueret,</span> <span class='ocrx_word' id='word_1_114' title='bbox 1009 2109 1207 2176; x_wconf 81' lang='lat' dir='ltr'>nectamen</span> 
     </span>
     <span class='ocr_line' id='line_1_19' title="bbox 141 2188 1205 2287; baseline 0.008 -21"><span class='ocrx_word' id='word_1_115' title='bbox 141 2204 313 2286; x_wconf 71' lang='lat' dir='ltr'>negaret,</span> <span class='ocrx_word' id='word_1_116' title='bbox 339 2188 578 2287; x_wconf 81' lang='lat' dir='ltr'>Apollonium</span> <span class='ocrx_word' id='word_1_117' title='bbox 592 2192 653 2264; x_wconf 87' lang='lat' dir='ltr'>ves</span> <span class='ocrx_word' id='word_1_118' title='bbox 669 2191 786 2283; x_wconf 85' lang='lat' dir='ltr'>paria,</span> <span class='ocrx_word' id='word_1_119' title='bbox 814 2193 875 2265; x_wconf 91' lang='lat' dir='ltr'>vel</span> <span class='ocrx_word' id='word_1_120' title='bbox 893 2195 1001 2269; x_wconf 88' lang='lat' dir='ltr'>etiam</span> <span class='ocrx_word' id='word_1_121' title='bbox 1009 2198 1205 2287; x_wconf 83' lang='lat' dir='ltr'>majorsfe·</span> 
     </span>
     <span class='ocr_line' id='line_1_20' title="bbox 112 2286 1205 2385; baseline 0.005 -21"><span class='ocrx_word' id='word_1_122' title='bbox 112 2300 114 2304; x_wconf 82' lang='grc'><strong>’</strong></span> <span class='ocrx_word' id='word_1_123' title='bbox 144 2289 238 2367; x_wconf 75' lang='lat' dir='ltr'>cisse.</span> <span class='ocrx_word' id='word_1_124' title='bbox 266 2291 420 2385; x_wconf 86' lang='lat' dir='ltr'>Mirum,</span> <span class='ocrx_word' id='word_1_125' title='bbox 447 2290 545 2382; x_wconf 90' lang='lat' dir='ltr'>quod</span> <span class='ocrx_word' id='word_1_126' title='bbox 559 2286 750 2383; x_wconf 75' lang='lat' dir='ltr'>Apuleium</span> <span class='ocrx_word' id='word_1_127' title='bbox 769 2291 1009 2385; x_wconf 70' lang='lat' dir='ltr'>pretermisit,</span> <span class='ocrx_word' id='word_1_128' title='bbox 1035 2296 1136 2385; x_wconf 86' lang='lat' dir='ltr'>cujus</span> <span class='ocrx_word' id='word_1_129' title='bbox 1149 2294 1205 2370; x_wconf 89' lang='lat' dir='ltr'>so·</span> 
     </span>
     <span class='ocr_line' id='line_1_21' title="bbox 140 2388 1204 2486; baseline 0.001 -21"><span class='ocrx_word' id='word_1_130' title='bbox 140 2394 219 2465; x_wconf 92' lang='lat' dir='ltr'>lent</span> <span class='ocrx_word' id='word_1_131' title='bbox 234 2390 268 2465; x_wconf 75' lang='lat' dir='ltr'>ot</span> <span class='ocrx_word' id='word_1_132' title='bbox 284 2392 408 2483; x_wconf 89' lang='lat' dir='ltr'>musta,</span> <span class='ocrx_word' id='word_1_133' title='bbox 425 2390 561 2463; x_wconf 86' lang='lat' dir='ltr'>&amp;mira</span> <span class='ocrx_word' id='word_1_134' title='bbox 575 2390 779 2462; x_wconf 86' lang='lat' dir='ltr'>memorari.</span> <span class='ocrx_word' id='word_1_135' title='bbox 832 2388 904 2462; x_wconf 81' lang='lat' dir='ltr'>Cur</span> <span class='ocrx_word' id='word_1_136' title='bbox 921 2390 1049 2486; x_wconf 87' lang='lat' dir='ltr'>igitur,</span> <span class='ocrx_word' id='word_1_137' title='bbox 1075 2414 1101 2463; x_wconf 94' lang='lat' dir='ltr'>o</span> <span class='ocrx_word' id='word_1_138' title='bbox 1118 2395 1204 2466; x_wconf 84' lang='lat' dir='ltr'>deli·</span> 
     </span>
     <span class='ocr_line' id='line_1_22' title="bbox 144 2487 1206 2583; baseline 0.004 -22"><span class='ocrx_word' id='word_1_139' title='bbox 144 2512 223 2563; x_wconf 92' lang='lat' dir='ltr'>rum</span> <span class='ocrx_word' id='word_1_140' title='bbox 245 2491 373 2583; x_wconf 86' lang='lat' dir='ltr'>caput,</span> <span class='ocrx_word' id='word_1_141' title='bbox 397 2510 505 2562; x_wconf 91' lang='lat' dir='ltr'>nemo</span> <span class='ocrx_word' id='word_1_142' title='bbox 530 2487 770 2578; x_wconf 78' lang='lat' dir='ltr'>Aposlonium</span> <span class='ocrx_word' id='word_1_143' title='bbox 793 2507 863 2579; x_wconf 90' lang='lat' dir='ltr'>pro</span> <span class='ocrx_word' id='word_1_144' title='bbox 890 2488 976 2564; x_wconf 86' lang='lat' dir='ltr'>Deo</span> <span class='ocrx_word' id='word_1_145' title='bbox 1002 2490 1116 2565; x_wconf 75' lang='lat' dir='ltr'>colit?</span> <span class='ocrx_word' id='word_1_146' title='bbox 1141 2493 1206 2572; x_wconf 83' lang='lat' dir='ltr'>nisi</span> 
     </span>
     <span class='ocr_line' id='line_1_23' title="bbox 140 2584 1204 2683; baseline 0.004 -20"><span class='ocrx_word' id='word_1_147' title='bbox 140 2589 241 2663; x_wconf 86' lang='lat' dir='ltr'>forte</span> <span class='ocrx_word' id='word_1_148' title='bbox 255 2604 296 2661; x_wconf 93' lang='lat' dir='ltr'>tu</span> <span class='ocrx_word' id='word_1_149' title='bbox 312 2588 427 2676; x_wconf 88' lang='lat' dir='ltr'>solus,</span> <span class='ocrx_word' id='word_1_150' title='bbox 454 2589 518 2658; x_wconf 90' lang='lat' dir='ltr'>illo</span> <span class='ocrx_word' id='word_1_151' title='bbox 538 2584 672 2658; x_wconf 89' lang='lat' dir='ltr'>scisicet</span> <span class='ocrx_word' id='word_1_152' title='bbox 688 2584 773 2657; x_wconf 91' lang='lat' dir='ltr'>Deo</span> <span class='ocrx_word' id='word_1_153' title='bbox 789 2585 940 2683; x_wconf 87' lang='lat' dir='ltr'>dignus,</span> <span class='ocrx_word' id='word_1_154' title='bbox 967 2607 1049 2662; x_wconf 83' lang='lat' dir='ltr'>cum</span> <span class='ocrx_word' id='word_1_155' title='bbox 1072 2611 1146 2680; x_wconf 85' lang='lat' dir='ltr'>quo</span> <span class='ocrx_word' id='word_1_156' title='bbox 1165 2606 1204 2668; x_wconf 82' lang='lat' dir='ltr'>to</span> 
     </span>
     <span class='ocr_line' id='line_1_24' title="bbox 139 2683 1212 2786; baseline 0.003 -23"><span class='ocrx_word' id='word_1_157' title='bbox 139 2690 176 2763; x_wconf 89' lang='lat' dir='ltr'>in</span> <span class='ocrx_word' id='word_1_158' title='bbox 187 2688 435 2783; x_wconf 87' lang='lat' dir='ltr'>sempiternum</span> <span class='ocrx_word' id='word_1_159' title='bbox 452 2704 558 2756; x_wconf 84' lang='lat' dir='ltr'>verus</span> <span class='ocrx_word' id='word_1_160' title='bbox 574 2683 673 2757; x_wconf 87' lang='lat' dir='ltr'>Deus</span> <span class='ocrx_word' id='word_1_161' title='bbox 687 2684 824 2776; x_wconf 86' lang='lat' dir='ltr'>puniet.</span> <span class='ocrx_word' id='word_1_162' title='bbox 852 2683 887 2758; x_wconf 90' lang='lat' dir='ltr'>Si</span> <span class='ocrx_word' id='word_1_163' title='bbox 896 2707 1016 2781; x_wconf 89' lang='lat' dir='ltr'>magus</span> <span class='ocrx_word' id='word_1_164' title='bbox 1028 2686 1212 2786; x_wconf 69' lang='lat' dir='ltr'>Christus,</span> 
     </span>
     <span class='ocr_line' id='line_1_25' title="bbox 143 2784 1209 2885; baseline 0.004 -25"><span class='ocrx_word' id='word_1_165' title='bbox 143 2789 225 2880; x_wconf 87' lang='lat' dir='ltr'>quia</span> <span class='ocrx_word' id='word_1_166' title='bbox 239 2787 410 2859; x_wconf 86' lang='lat' dir='ltr'>mirabilia</span> <span class='ocrx_word' id='word_1_167' title='bbox 424 2785 531 2874; x_wconf 90' lang='lat' dir='ltr'>fecit,</span> <span class='ocrx_word' id='word_1_168' title='bbox 559 2784 710 2876; x_wconf 83' lang='lat' dir='ltr'>peritior</span> <span class='ocrx_word' id='word_1_169' title='bbox 723 2784 1100 2879; x_wconf 82' lang='lat' dir='ltr'>otiqueApossonius,</span> <span class='ocrx_word' id='word_1_170' title='bbox 1127 2791 1209 2885; x_wconf 86' lang='lat' dir='ltr'>qui,-</span> 
     </span>
     <span class='ocr_line' id='line_1_26' title="bbox 141 2881 1212 2977; baseline 0.005 -16"><span class='ocrx_word' id='word_1_171' title='bbox 141 2902 185 2961; x_wconf 89' lang='lat' dir='ltr'>ut</span> <span class='ocrx_word' id='word_1_172' title='bbox 201 2884 386 2975; x_wconf 82' lang='lat' dir='ltr'>describis,</span> <span class='ocrx_word' id='word_1_173' title='bbox 414 2905 495 2958; x_wconf 88' lang='lat' dir='ltr'>cum</span> <span class='ocrx_word' id='word_1_174' title='bbox 509 2881 739 2957; x_wconf 88' lang='lat' dir='ltr'>Domitianus</span> <span class='ocrx_word' id='word_1_175' title='bbox 757 2904 838 2958; x_wconf 86' lang='lat' dir='ltr'>euru</span> <span class='ocrx_word' id='word_1_176' title='bbox 854 2887 982 2977; x_wconf 86' lang='lat' dir='ltr'>punire</span> <span class='ocrx_word' id='word_1_177' title='bbox 998 2888 1129 2971; x_wconf 86' lang='lat' dir='ltr'>veliet,</span> <span class='ocrx_word' id='word_1_178' title='bbox 1149 2887 1212 2966; x_wconf 78' lang='lat' dir='ltr'>re-&#39;</span> 
     </span>
     <span class='ocr_line' id='line_1_27' title="bbox 141 2983 1206 3079; baseline 0.008 -22"><span class='ocrx_word' id='word_1_179' title='bbox 141 2999 253 3079; x_wconf 88' lang='lat' dir='ltr'>pente</span> <span class='ocrx_word' id='word_1_180' title='bbox 276 2987 312 3064; x_wconf 90' lang='lat' dir='ltr'>in</span> <span class='ocrx_word' id='word_1_181' title='bbox 332 2984 469 3078; x_wconf 86' lang='lat' dir='ltr'>judicio</span> <span class='ocrx_word' id='word_1_182' title='bbox 494 3002 570 3056; x_wconf 93' lang='lat' dir='ltr'>non</span> <span class='ocrx_word' id='word_1_183' title='bbox 597 2983 836 3075; x_wconf 81' lang='lat' dir='ltr'>comparuit,</span> <span class='ocrx_word' id='word_1_184' title='bbox 850 3005 953 3075; x_wconf 88' lang='lat' dir='ltr'>quam</span> <span class='ocrx_word' id='word_1_185' title='bbox 974 2985 1056 3075; x_wconf 88' lang='lat' dir='ltr'>isle,</span> <span class='ocrx_word' id='word_1_186' title='bbox 1079 2989 1141 3079; x_wconf 87' lang='lat' dir='ltr'>qui</span> <span class='ocrx_word' id='word_1_187' title='bbox 1169 2988 1206 3066; x_wconf 71' lang='lat' dir='ltr'>st</span> 
     </span>
     <span class='ocr_line' id='line_1_28' title="bbox 142 3079 1204 3176; baseline 0.006 -20"><span class='ocrx_word' id='word_1_188' title='bbox 142 3081 419 3176; x_wconf 80' lang='lat' dir='ltr'>comprehensus</span> <span class='ocrx_word' id='word_1_189' title='bbox 446 3081 516 3175; x_wconf 90' lang='lat' dir='ltr'>est,</span> <span class='ocrx_word' id='word_1_190' title='bbox 544 3080 579 3155; x_wconf 75' lang='lat' dir='ltr'>ot</span> <span class='ocrx_word' id='word_1_191' title='bbox 598 3083 694 3154; x_wconf 82' lang='lat' dir='ltr'>cruci</span> <span class='ocrx_word' id='word_1_192' title='bbox 713 3079 847 3156; x_wconf 59' lang='lat' dir='ltr'>affixus,</span> <span class='ocrx_word' id='word_1_193' title='bbox 901 3084 1049 3160; x_wconf 84' lang='lat' dir='ltr'>Atenirn</span> <span class='ocrx_word' id='word_1_194' title='bbox 1068 3108 1113 3158; x_wconf 83' lang='lat' dir='ltr'>ex</span> <span class='ocrx_word' id='word_1_195' title='bbox 1129 3088 1204 3163; x_wconf 86' lang='lat' dir='ltr'>hoc</span> 
     </span>
     <span class='ocr_line' id='line_1_29' title="bbox 141 3179 1206 3278; baseline 0.004 -22"><span class='ocrx_word' id='word_1_196' title='bbox 141 3180 219 3276; x_wconf 87' lang='lat' dir='ltr'>ipso</span> <span class='ocrx_word' id='word_1_197' title='bbox 237 3180 382 3257; x_wconf 76' lang='lat' dir='ltr'>fortasse</span> <span class='ocrx_word' id='word_1_198' title='bbox 398 3180 621 3256; x_wconf 81' lang='lat' dir='ltr'>insolentiam</span> <span class='ocrx_word' id='word_1_199' title='bbox 636 3179 764 3254; x_wconf 87' lang='lat' dir='ltr'>Christi</span> <span class='ocrx_word' id='word_1_200' title='bbox 778 3181 898 3254; x_wconf 85' lang='lat' dir='ltr'>voluit</span> <span class='ocrx_word' id='word_1_201' title='bbox 914 3203 1078 3278; x_wconf 78' lang='lat' dir='ltr'>arguere,</span> <span class='ocrx_word' id='word_1_202' title='bbox 1104 3185 1206 3274; x_wconf 82' lang='lat' dir='ltr'>orrod</span> 
     </span>
     <span class='ocr_line' id='line_1_30' title="bbox 140 3280 1205 3364; baseline 0.002 -7"><span class='ocrx_word' id='word_1_203' title='bbox 140 3282 261 3357; x_wconf 88' lang='lat' dir='ltr'>Deum</span> <span class='ocrx_word' id='word_1_204' title='bbox 278 3280 312 3357; x_wconf 91' lang='lat' dir='ltr'>se</span> <span class='ocrx_word' id='word_1_205' title='bbox 326 3281 563 3364; x_wconf 87' lang='lat' dir='ltr'>constituerit,</span> <span class='ocrx_word' id='word_1_206' title='bbox 571 3296 612 3352; x_wconf 93' lang='lat' dir='ltr'>ut</span> <span class='ocrx_word' id='word_1_207' title='bbox 628 3280 688 3352; x_wconf 89' lang='lat' dir='ltr'>isse</span> <span class='ocrx_word' id='word_1_208' title='bbox 706 3282 948 3354; x_wconf 86' lang='lat' dir='ltr'>verecundior</span> <span class='ocrx_word' id='word_1_209' title='bbox 966 3280 1067 3356; x_wconf 78' lang='lat' dir='ltr'>fuisse</span> <span class='ocrx_word' id='word_1_210' title='bbox 1083 3284 1205 3362; x_wconf 82' lang='lat' dir='ltr'>videa·</span> 
     </span>
     <span class='ocr_line' id='line_1_31' title="bbox 140 3378 1273 3475; baseline 0.001 -19"><span class='ocrx_word' id='word_1_211' title='bbox 140 3398 221 3475; x_wconf 89' lang='lat' dir='ltr'>tur,</span> <span class='ocrx_word' id='word_1_212' title='bbox 247 3382 405 3473; x_wconf 87' lang='lat' dir='ltr'>quicum</span> <span class='ocrx_word' id='word_1_213' title='bbox 421 3382 557 3473; x_wconf 81' lang='lat' dir='ltr'>majora</span> <span class='ocrx_word' id='word_1_214' title='bbox 572 3378 733 3470; x_wconf 82' lang='lat' dir='ltr'>faceret,</span> <span class='ocrx_word' id='word_1_215' title='bbox 755 3394 798 3452; x_wconf 91' lang='lat' dir='ltr'>ut</span> <span class='ocrx_word' id='word_1_216' title='bbox 812 3380 871 3452; x_wconf 89' lang='lat' dir='ltr'>hic</span> <span class='ocrx_word' id='word_1_217' title='bbox 887 3393 1017 3472; x_wconf 76' lang='lat' dir='ltr'>putat,</span> <span class='ocrx_word' id='word_1_218' title='bbox 1035 3395 1155 3456; x_wconf 90' lang='lat' dir='ltr'>tamen</span> <span class='ocrx_word' id='word_1_219' title='bbox 1166 3384 1204 3464; x_wconf 83' lang='lat' dir='ltr'>id</span> <span class='ocrx_word' id='word_1_220' title='bbox 1268 3419 1273 3428; x_wconf 90' lang='lat'><strong>·</strong></span> 
     </span>
     <span class='ocr_line' id='line_1_32' title="bbox 138 3477 1214 3581; baseline -0.001 -25"><span class='ocrx_word' id='word_1_221' title='bbox 138 3481 203 3556; x_wconf 83' lang='lat' dir='ltr'>sibi</span> <span class='ocrx_word' id='word_1_222' title='bbox 218 3502 295 3554; x_wconf 94' lang='lat' dir='ltr'>non</span> <span class='ocrx_word' id='word_1_223' title='bbox 311 3481 545 3577; x_wconf 83' lang='lat' dir='ltr'>arrogaverit.</span> <span class='ocrx_word' id='word_1_224' title='bbox 573 3478 718 3553; x_wconf 93' lang='lat' dir='ltr'>Omitto</span> <span class='ocrx_word' id='word_1_225' title='bbox 733 3499 831 3560; x_wconf 89' lang='lat' dir='ltr'>nunc</span> <span class='ocrx_word' id='word_1_226' title='bbox 844 3477 916 3571; x_wconf 85' lang='lat' dir='ltr'>ipsa</span> <span class='ocrx_word' id='word_1_227' title='bbox 930 3499 1042 3572; x_wconf 86' lang='lat' dir='ltr'>opera</span> <span class='ocrx_word' id='word_1_228' title='bbox 1058 3500 1214 3581; x_wconf 85' lang='lat' dir='ltr'>cotupa·¹</span> 
     </span>
     <span class='ocr_line' id='line_1_33' title="bbox 139 3577 1205 3673; baseline 0.005 -19"><span class='ocrx_word' id='word_1_229' title='bbox 139 3600 243 3672; x_wconf 88' lang='lat' dir='ltr'>rare,</span> <span class='ocrx_word' id='word_1_230' title='bbox 270 3583 351 3673; x_wconf 85' lang='lat' dir='ltr'>quia</span> <span class='ocrx_word' id='word_1_231' title='bbox 365 3581 403 3653; x_wconf 92' lang='lat' dir='ltr'>in</span> <span class='ocrx_word' id='word_1_232' title='bbox 418 3578 577 3653; x_wconf 84' lang='lat' dir='ltr'>secundo</span> <span class='ocrx_word' id='word_1_233' title='bbox 592 3577 626 3651; x_wconf 72' lang='grc' dir='ltr'>ἀ</span> <span class='ocrx_word' id='word_1_234' title='bbox 643 3577 827 3673; x_wconf 88' lang='lat' dir='ltr'>superiore</span> <span class='ocrx_word' id='word_1_235' title='bbox 842 3579 937 3650; x_wconf 90' lang='lat' dir='ltr'>libro</span> <span class='ocrx_word' id='word_1_236' title='bbox 963 3579 1007 3657; x_wconf 89' lang='lat' dir='ltr'>de</span> <span class='ocrx_word' id='word_1_237' title='bbox 1021 3577 1147 3654; x_wconf 88' lang='lat' dir='ltr'>fraude</span> <span class='ocrx_word' id='word_1_238' title='bbox 1161 3601 1205 3660; x_wconf 86' lang='lat' dir='ltr'>ac</span> 
     </span>
     <span class='ocr_line' id='line_1_34' title="bbox 139 3675 1204 3777; baseline 0.008 -27"><span class='ocrx_word' id='word_1_239' title='bbox 139 3680 320 3777; x_wconf 84' lang='lat' dir='ltr'>prsesisgiis</span> <span class='ocrx_word' id='word_1_240' title='bbox 338 3681 423 3752; x_wconf 81' lang='lat' dir='ltr'>artis</span> <span class='ocrx_word' id='word_1_241' title='bbox 440 3680 585 3774; x_wconf 82' lang='lat' dir='ltr'>magicae</span> <span class='ocrx_word' id='word_1_242' title='bbox 599 3677 684 3753; x_wconf 88' lang='lat' dir='ltr'>dixi.</span> <span class='ocrx_word' id='word_1_243' title='bbox 711 3677 820 3773; x_wconf 83' lang='lat' dir='ltr'>Nego</span> <span class='ocrx_word' id='word_1_244' title='bbox 829 3675 900 3752; x_wconf 79' lang='lat' dir='ltr'>esse</span> <span class='ocrx_word' id='word_1_245' title='bbox 909 3698 1133 3771; x_wconf 81' lang='lat' dir='ltr'>quemquam,</span> <span class='ocrx_word' id='word_1_246' title='bbox 1142 3681 1204 3772; x_wconf 83' lang='lat' dir='ltr'>qus</span> 
     </span>
     <span class='ocr_line' id='line_1_35' title="bbox 138 3775 1203 3874; baseline -0.005 -19"><span class='ocrx_word' id='word_1_247' title='bbox 138 3800 217 3855; x_wconf 86' lang='lat' dir='ltr'>non</span> <span class='ocrx_word' id='word_1_248' title='bbox 241 3793 347 3871; x_wconf 85' lang='lat' dir='ltr'>optet</span> <span class='ocrx_word' id='word_1_249' title='bbox 370 3780 408 3852; x_wconf 92' lang='lat' dir='ltr'>in</span> <span class='ocrx_word' id='word_1_250' title='bbox 430 3779 551 3871; x_wconf 88' lang='lat' dir='ltr'>primis</span> <span class='ocrx_word' id='word_1_251' title='bbox 573 3776 609 3849; x_wconf 89' lang='lat' dir='ltr'>id</span> <span class='ocrx_word' id='word_1_252' title='bbox 626 3776 687 3849; x_wconf 90' lang='lat' dir='ltr'>srbi</span> <span class='ocrx_word' id='word_1_253' title='bbox 703 3775 784 3869; x_wconf 85' lang='lat' dir='ltr'>post</span> <span class='ocrx_word' id='word_1_254' title='bbox 802 3787 957 3854; x_wconf 90' lang='lat' dir='ltr'>mortem</span> <span class='ocrx_word' id='word_1_255' title='bbox 976 3781 1203 3874; x_wconf 85' lang='lat' dir='ltr'>contingere,</span> 
     </span>
     <span class='ocr_line' id='line_1_36' title="bbox 140 3873 1205 3978; baseline 0.007 -28"><span class='ocrx_word' id='word_1_256' title='bbox 140 3879 363 3970; x_wconf 87' lang='lat' dir='ltr'>quodetiam</span> <span class='ocrx_word' id='word_1_257' title='bbox 379 3877 496 3972; x_wconf 84' lang='lat' dir='ltr'>Reges</span> <span class='ocrx_word' id='word_1_258' title='bbox 514 3876 655 3949; x_wconf 80' lang='lat' dir='ltr'>maximi</span> <span class='ocrx_word' id='word_1_259' title='bbox 672 3875 942 3968; x_wconf 85' lang='lat' dir='ltr'>concupiscunt.</span> <span class='ocrx_word' id='word_1_260' title='bbox 958 3873 1130 3952; x_wconf 83' lang='lat' dir='ltr'>Curenim</span> <span class='ocrx_word' id='word_1_261' title='bbox 1141 3877 1205 3978; x_wconf 60' lang='lat' dir='ltr'>sibi</span> 
     </span>
     <span class='ocr_line' id='line_1_37' title="bbox 138 3971 1203 4076; baseline 0 -22"><span class='ocrx_word' id='word_1_262' title='bbox 138 3976 306 4054; x_wconf 78' lang='lat' dir='ltr'>homines</span> <span class='ocrx_word' id='word_1_263' title='bbox 314 3976 483 4072; x_wconf 78' lang='lat' dir='ltr'>sapusera</span> <span class='ocrx_word' id='word_1_264' title='bbox 496 3971 704 4076; x_wconf 71' lang='lat' dir='ltr'>magnifica,</span> <span class='ocrx_word' id='word_1_265' title='bbox 715 3995 780 4050; x_wconf 84' lang='lat' dir='ltr'>cur</span> <span class='ocrx_word' id='word_1_266' title='bbox 795 3973 941 4072; x_wconf 78' lang='lat' dir='ltr'>statuat,</span> <span class='ocrx_word' id='word_1_267' title='bbox 957 3993 1022 4052; x_wconf 80' lang='lat' dir='ltr'>cut</span> <span class='ocrx_word' id='word_1_268' title='bbox 1029 3976 1203 4071; x_wconf 71' lang='lat' dir='ltr'>imagines</span> 
     </span>
    </p>

    <p class='ocr_par' dir='ltr' id='par_1_4' title="bbox 192 4069 1164 4156">
     <span class='ocr_line' id='line_1_38' title="bbox 192 4069 1164 4156; baseline -0.004 0"><span class='ocrx_word' id='word_1_269' title='bbox 192 4076 350 4156; x_wconf 67' lang='lat' dir='ltr'>mm.</span> <span class='ocrx_word' id='word_1_270' title='bbox 366 4070 496 4154; x_wconf 78' lang='lat' dir='ltr'>Tenus.</span> <span class='ocrx_word' id='word_1_271' title='bbox 719 4069 759 4150; x_wconf 87' lang='lat' dir='ltr'>U</span> <span class='ocrx_word' id='word_1_272' title='bbox 1056 4096 1164 4152; x_wconf 71' lang='lat' dir='ltr'>com·</span> 
     </span>
    </p>
   </div>
   <div class='ocr_carea' id='block_1_3' title="bbox 0 0 1418 4709">
    <p class='ocr_par' dir='ltr' id='par_1_5' title="bbox 0 0 1418 4709">
     <span class='ocr_line' id='line_1_39' title="bbox 0 0 1418 4709; baseline 0 1"><span class='ocrx_word' id='word_1_273' title='bbox 0 0 1418 4709; x_wconf 95' lang='lat' dir='ltr'> </span> 
     </span>
    </p>
   </div>
  </div>
 </body>
</html>
