2825 4709
240 251 245 290 l

266 361 449 440 ‚aton
472 358 615 440 llos
630 358 1073 438 .On·1n1ntb·n'1tn'on-1e.
1089 367 1117 408 2³
1151 380 1217 440 nt

167 523 454 622 pretervolavit.
480 520 647 593 Sirenim
664 518 819 610 superius
834 517 922 590 illud
939 518 1131 616 affilmpfit,
1145 540 1222 620 rana

168 648 275 718 quam
290 624 506 719 probatione
522 641 598 691 non
613 620 809 714 indigerem
837 633 915 690 cum
939 621 975 692 id
997 622 1111 694 multo
1136 626 1222 701 effer

166 726 366 811 incertius,
394 741 495 813 quam
511 721 616 810 illud,
638 717 909 812 propterquod
929 718 1136 813 aliumptum
1159 725 1220 803 est.

166 824 298 902 Sinon
319 822 383 911 est,
401 822 526 911 inquit,
546 842 564 890 a
585 820 669 891 Deo
685 818 776 918 falla
795 820 958 910 materia,
985 843 1052 894 nec
1070 825 1222 900 mundus

165 948 189 998 a
207 924 289 1000 Deo
305 921 415 995 sallus
431 920 492 994 est.
543 915 599 1009 Ex
614 916 700 991 falso
717 920 840 991 maluit
856 920 1039 1016 colligere,
1051 925 1147 1014 quod
1161 924 1224 997 fal,

169 1024 245 1099 sum
263 1020 326 1114 est,
337 1042 440 1112 qoam
458 1041 502 1091 ex
521 1018 736 1110 vero,quod
748 1037 886 1111 verum.
912 1018 959 1092 Et
974 1043 1053 1095 curn
1068 1024 1224 1112 debeant

167 1121 308 1198 in'certa
319 1124 363 1192 de
373 1120 479 1192 certis
492 1122 657 1211 probari,
685 1118 742 1189 hic
757 1120 1008 1209 probationem
1028 1121 1167 1219 sumpsit
1177 1146 1223 1197 ex
1296 1121 1300 1128 ’

168 1226 331 1311 incerto,
357 1219 400 1292 ad
419 1218 669 1306 evertendum,
684 1216 871 1307 quoderat
886 1234 1034 1295 certum.
1068 1203 1161 1300 Nam
1174 1226 1223 1300 dir

158 1326 255 1412 ,vina
269 1320 496 1413 providentia
509 1315 672 1391 effectum
691 1313 760 1387 elle
774 1317 941 1390 mundum
959 1316 1020 1413 (ut
1031 1337 1165 1404 taceam
1178 1324 1236 1401 ἀὲ·

165 1419 486 1515 Trtsmegistmqut
503 1415 781 1507 hoc-praedicat,
807 1430 943 1489 taceam
956 1420 1222 1500 decarminibu‘s
1298 1506 1302 1518 ,

171 1522 397 1614 Sibyllarum,
411 1533 489 1608 quae
499 1516 591 1588 idem
602 1515 789 1604 nuntiant,
816 1528 951 1589 taceam
967 1517 1011 1589 de
1024 1525 1225 1622 prophetis,
1286 1565 1289 1570 ·

170 1622 231 1714 qui
250 1641 340 1712 opus
363 1616 549 1706 mnndi,ac
565 1609 747 1707 opificium
769 1612 838 1685 Dei
854 1635 928 1687 uno
947 1614 1070 1709 spiritu
1088 1644 1128 1693 ac
1149 1627 1224 1714 pari

170 1742 269 1794 voce
280 1716 473 1813 testantur)
496 1718 600 1787 etiam
617 1715 709 1785 inter
720 1711 958 1806 philosophos
973 1738 1066 1810 pene
1082 1726 1226 1802 univer·

170 1822 228 1895 sos
243 1818 437 1904 convenit3
465 1815 499 1886 id
516 1816 608 1887 enim
628 1812 866 1909 Pythagoran,
885 1814 1020 1912 Stoici,
1047 1818 1225 1917 Peripater

171 1921 257 2010 tici,
284 1918 343 2009 qui
361 1915 438 1987 sunt
450 1916 627 2006 principes
644 1913 760 1984 omnis
779 1912 978 2005 disciplina.
1029 1918 1227 2014 Deniquea

171 2020 293 2113 primis
317 2018 383 2087 illia
408 2000 539 2107 septeln
564 2011 778 2103 sapientibus
796 2014 1039 2092 adSocratem
1056 2019 1163 2111 usque
1184 2043 1227 2097 ac
1299 2043 1302 2048 ·

170 2118 358 2193 Platonem
376 2136 442 2210 pro
461 2109 674 2185 malello&
689 2112 893 2185 indubitato
907 2116 1064 2192 habitum
1078 2120 1147 2212 est,
1163 2124 1227 2196 do·-

171 2239 242 2293 nec
259 2237 349 2288 unus
363 2214 484 2287 multis
502 2210 584 2304 post
598 2209 728 2283 seculis
746 2213 865 2284 extitit
886 2212 1017 2287 delirus
1037 2214 1226 2317 Epicurus,

173 2320 235 2409 qui
252 2317 399 2392 auderet
413 2332 542 2407 negare
560 2310 616 2401 id,·
644 2311 743 2401 quod
761 2312 811 2385 est
828 2312 1133 2407 evidentiffimum
1160 2318 1229 2392 stu·
1253 2336 1256 2343 ’

173 2418 235 2490 dio
256 2414 390 2487 scilicet
406 2412 614 2484 inveniendi
633 2431 754 2502 nova,
782 2425 823 2482 ut
839 2413 986 2484 nomine
1011 2411 1073 2486 sno
1099 2416 1232 2497 consti.

175 2512 532 2604 tuerer-disciplinam.
559 2507 696 2598 thuia
708 2510 797 2581 nihil
815 2512 904 2580 novi
920 2512 1042 2602 potuit
1055 2519 1230 2607 reperire:

175 2630 219 2689 ut
237 2628 353 2687 tamen
368 2609 546 2686 diffentire
562 2608 731 2679 acaeteris
743 2607 949 2702 videretur,
977 2626 1101 2685 vetera
1113 2618 1232 2692 voluit
1279 2693 1283 2702 ,

173 2729 356 2789 evertere.
407 2710 448 2783 ln
477 2728 550 2799 quo
575 2708 673 2802 illum
700 2708 1005 2788 circumlatrantes
1028 2713 1233 2809 philosophi

174 2834 303 2888 omnes
323 2821 573 2906 coarguerunt.
611 2805 764 2879 Cercius
775 2806 826 2880 est
843 2810 949 2903 igitur
965 2814 1132 2887 mundum
1144 2838 1233 2908 pro·
1264 2802 1292 2885 .‘

177 2912 338 2985 videntia
350 2908 571 2996 instructum,
588 2927 691 2995 qnam
710 2909 1134 3000 materia-providentiam
1146 2937 1232 2991 con·
1305 2971 1316 2982 .

177 3014 372 3109 globatam.
400 3012 524 3179 ssuare
539 3027 618 3077 non.
632 3008 797 3096 oportuit
815 3022 960 3102 putare,
986 3012 1233 3089 idcircomun·
1328 3075 1329 3079 ,

177 3113 263 3188 dum
284 3131 360 3182 non
380 3132 400 3180 e
428 3131 448 3179 e
465 3108 584 3178 divina
604 3106 835 3196 providentia
849 3105 998 3198 factum,
1027 3114 1108 3202 quia
1127 3117 1242 3187 marei.-

179 3210 235 3282 ria
250 3211 325 3301 ejus
338 3209 457 3281 divina
467 3204 698 3297 providentia
711 3204 801 3277 latta
811 3221 885 3278 non
895 3208 958 3280 fita
977 3207 1035 3283 sed
1048 3212 1126 3303 quia
1137 3233 1236 3286 mun»

178 3309 247 3383 dus
261 3309 382 3380 divina
398 3306 626 3398 providentia
642 3303 682 3375 lrt
695 3302 856 3396 effebus,
875 3308 1098 3382 &materiam
1108 3308 1176 3382 elle
1186 3311 1238 3386 fa

180 3407 270 3483 stam
286 3408 469 3480 divinitus.
516 3404 725 3475 credibilius
742 3404 792 3475 est
806 3400 898 3477 enim
916 3412 1096 3480 materiam
1116 3414 1237 3500 potius

181 3529 203 3581 a
219 3508 305 3580 Deo
320 3505 465 3595 fastam,
493 3506 576 3593 quia
594 3502 692 3574 Deus
713 3507 833 3575 omnia
851 3503 989 3596 potest,
1017 3529 1240 3597 quammob-

183 3608 267 3682 dum
281 3630 300 3678 a
315 3606 401 3678 Deo
419 3625 493 3676 non
512 3602 580 3674 elle
598 3599 747 3686 factum,
775 3586 1238 3702 quiasmementemdtionep

183 3706 335 3781 consilio
349 3706 434 3777 nibil
452 3700 525 3773 lieri
542 3700 671 3793 potest.
722 3704 858 3775 Verum
873 3706 949 3776 haec
961 3727 1036 3777 non
1054 3704 1241 3786 Ciceronis

154 3804 368 3906 jestculpa‚
395 3803 451 3875 sed
469 3800 576 3875 sedtae.
604 3800 803 3873 Cum'enim
823 3801 1021 3896 suscepillet
1036 3796 1245 3897 disputatio-

184 3925 291 3995 nem,
319 3926 387 3993 qua
402 3902 563 3974 Deorum
580 3918 740 3972 naturam
756 3904 924 3997 tolleret,
951 3905 996 3974 de
1007 3926 1075 3993 qna
1086 3905 1244 3998 philolo

183 4004 249 4102 phi
272 4005 495 4103 garriebant,
522 4020 666 4077 omnem
688 4000 923 4078 divinitatem-
940 4007 1141 4103 ignorantia
1154 4007 1252 4080 *vert

257 4155 259 4160 -
1108 4120 1223 4199 pota·
