2825 4709
350 317 353 329 ⁵
384 354 653 446 LrnrnV
671 321 1105 494 tralucentium?
1151 381 1271 496 :atgp
1318 343 1325 356 ’

120 514 261 607 ,ξνεῐ
276 513 516 604 corroboret
544 520 662 594 donec
680 509 844 613 preliurae
858 487 1068 595 verberibus
1086 517 1246 644 diffluen-
1325 587 1328 598 .

120 638 258 709 tent
272 620 419 713 colligat
436 612 705 710 disciplinam
715 694 719 700 ,

121 741 147 822 ‘e'
259 718 451 790 urinaria
471 719 590 806 causa,
607 738 680 789 cur
686 717 872 793 adversum
888 740 959 792 nos
976 716 1243 811 persecutiones

120 816 384 907 ifierisrnat,
412 832 452 888 ut
473 818 541 890 Der
556 819 710 909 populus
725 834 906 914 augeatur
937 815 1024 891 Nec
1038 818 1265 895 estdrfficile'
1318 907 1323 914 ¹

120 962 141 1012 η
182 909 394 1007 monstrare,
407 936 469 987 cur
486 932 547 988 aut
561 917 748 1007 quomodo
760 919 795 990 rd
808 914 884 1003 fiat
910 901 1244 1015 Primumfugantur
1297 990 1299 993 Α

120 1019 377 1110 aDeorum
388 1017 541 1089 cultibus
555 1019 708 1109 plurimi,
719 1019 806 1090 odio
817 1013 1048 1094 crudelrtatrs
1063 1021 1134 1117 Qui
1147 1022 1246 1096 enim·

120 1120 267 1198 talia
284 1112 450 1187 sacrificia
465 1138 542 1189 non
557 1115 754 1190 horreant?
804 1117 947 1191 Deinde
965 1120 1084 1214 placet
1098 1117 1246 1218 quibus}

120 1219 262 1309 darn
280 1217 393 1287 virtus
413 1236 455 1288 ac
469 1212 557 1287 fides
570 1214 652 1313 ipsa.
676 1215 859 1289 Nonnulli
866 1212 1113 1310 suspicantur,
1140 1203 1247 1304 Deo-1

121 1338 260 1389 irum
276 1318 412 1390 cultum
426 1336 500 1387 non
515 1315 587 1387 sine
606 1314 706 1387 causa
725 1317 853 1390 malum
870 1317 1019 1412 putatia
1033 1331 1104 1390 tam
1118 1317 1247 1404 mutus,

120 1465 124 1510 3
179 1416 403 1507 hominibus,
429 1430 471 1486 ut
491 1416 604 1488 emori
627 1415 774 1516 malint,
802 1436 905 1529 quam
922 1417 956 1487 id
973 1413 1111 1505 facere,
1139 1417 1248 1506 quod'

120 1565 122 1574 ‹
179 1518 237 1589 alii
254 1514 409 1602 faciunt,
435 1530 477 1587 ut
496 1515 635 1587 vivant.
663 1505 801 1605 Aliquis
820 1516 919 1607 cupit
933 1514 1038 1604 scire,
1058 1516 1246 1601 quodnam

178 1617 223 1690 lit
247 1615 332 1686 illud
357 1616 514 1704 bonum,
541 1613 639 1727 quod
659 1612 702 1686 ad
719 1628 871 1688 mortem
889 1611 997 1705 usque
1014 1613 1245 1705 defenditur,

121 1760 130 1771 -
179 1712 277 1807 quod
296 1715 482 1805 omnibus,
509 1735 585 1805 quae
599 1713 635 1786 in
651 1711 718 1785 hac
736 1714 811 1785 vita
822 1715 977 1807 jucunda
994 1711 1072 1786 sunt
1090 1713 1121 1785 u
1142 1735 1238 1807 cara,

177 1814 384 1909 prefertur3
413 1836 432 1886 a
449 1834 521 1905 quo
538 1833 605 1889 nec
622 1813 895 1905 bonorum,nec
909 1814 999 1886 lucis
1015 1813 1238 1900 amiffio,nec
1316 1801 1324 1825 '

179 1915 289 1987 dolor
298 1913 484 2005 corporis,
509 1934 577 1985 nec
595 1911 770 1984 viscerum
786 1913 1025 1988 cruciamenta
1041 1914 1244 2006 deterrent.¹

178 2014 607 2103 Valenthaecplurirnum.
632 2010 701 2082 Sed
715 2012 782 2082 illae
800 2015 958 2087 maximae
971 2011 1080 2091 cause
1094 2012 1244 2088 nostro-L

175 2133 254 2186 rum
277 2130 461 2183 numerum
480 2108 615 2200 semper
634 2125 822 2185 auxerunt
873 2110 987 2185 Audit
1006 2111 1235 2203 circumstant

174 2211 331 2308 populus
346 2209 439 2281 inter
455 2205 525 2302 ipsa
543 2221 724 2281 tormenta
741 2210 924 2301 dicentes,
950 2233 1026 2284 non
1037 2209 1235 2286 sacrificare
1262 2230 1267 2250 ·

175 2308 212 2383 se
227 2309 399 2403 lapidibus
415 2312 568 2385 humana
582 2330 687 2396 manu
703 2306 823 2400 fallis,
849 2308 907 2382 sed
924 2308 1006 2390 Deo
1027 2311 1092 2380 vii
1094 2332 1144 2403 o,
1169 2310 1231 2403 qui

172 2410 246 2484 sn
239 2432 275 2481 rn
299 2412 400 2485 celo
451 2408 561 2481 Multi
575 2408 648 2481 hoc
664 2428 790 2483 verum
807 2405 875 2482 elle
890 2409 1114 2504 intelligunt,
1142 2409 1232 2486 &in

173 2509 296 2606 petius
314 2511 517 2582 admittunt.
555 2506 716 2620 Deinde,
741 2524 783 2579 ut
800 2503 877 2580 fieri
894 2505 1013 2581 solet
1004 2530 1039 2580 ιιι
1054 2508 1187 2580 rebus
1178 2529 1232 2581 rn-
1294 2580 1298 2591 ,

173 2612 302 2697 certis,
330 2609 439 2680 dum
431 2623 523 2679 inter
544 2604 757 2680 seinvicem
765 2620 945 2697 quaerunt
972 2628 1050 2698 quae
1064 2605 1105 2680 srt
1123 2606 1236 2699 hujus·
1323 2648 1326 2652 ·

170 2662 575 2801 perseverantiaecausa,
601 2707 734 2796 multa,
760 2726 838 2797 quae
853 2705 896 2778 ad
910 2703 1134 2800 Religionem
1150 2728 1230 2802 per·
1233 2791 1240 2806 .

170 2809 307 2896 tinent,
334 2807 534 2901 divulgata,
561 2826 602 2879 ac
618 2826 682 2899 per
695 2824 876 2879 rumorem
893 2801 1080 2880 vicirirm
1052 2821 1238 2899 aucupata.

171 2906 373 2997 discuntur,
400 2928 490 3000 quar,
510 2906 590 2999 quia
604 2909 701 2978 bona
717 2906 811 2995 sunt,
825 2904 990 2997 placeant
1004 2902 1143 2977 necesse
1163 2903 1225 2982 est.
1287 2907 1289 2911 ‘

170 3004 226 3077 Pr
221 3021 347 3077 eterea
364 3007 455 3077 ultio
471 3004 676 3096 consecuta,
693 3004 783 3078 ficut
797 2997 944 3097 semper
948 3004 1088 3090 accidit,
1098 3003 1140 3075 ad
1150 3026 1226 3078 cre
1256 3037 1276 3060 v

170 3102 325 3177 dendum
341 3106 573 3182 vehementer
588 3105 750 3197 impellit.
801 3102 862 3177 Ne
879 3104 955 3178 lnce
973 3104 1112 3194 quidem
1131 3092 1232 3194 lovis·
1259 3097 1286 3184 ζ

169 3201 358 3297 causaest,
386 3205 482 3297 quod
498 3204 667 3278 immundi
683 3202 882 3298 demonum
896 3195 1054 3297 spiritus,
1076 3215 1224 3295 accepta
1293 3237 1296 3243 ·

167 3304 328 3397 licentia,
342 3306 536 3377 multorum
550 3301 586 3378 se
601 3301 817 3397 corporibus
832 3303 1065 3399 immergunt3
1092 3302 1222 3391 quibus

167 3402 293 3574 Rostea
310 3401 442 3496 ejetlis,
457 3423 596 3495 omnes,
612 3404 672 3518 qui
687 3400 837 3476 resanati
850 3400 1002 3491 fuerint,
1022 3402 1223 3475 adhereant

205 3504 372 3597 eligioni,
397 3503 495 3594 cujus
509 3504 711 3595 potentiam
725 3500 917 3586 senserunt
949 3500 1014 3575 Hae
1032 3512 1092 3573 tot
1110 3497 1220 3572 causae

166 3603 204 3673 in
222 3622 331 3677 unum
347 3604 487 3677 collatae
500 3623 662 3702 maguam
674 3601 759 3727 Deo
778 3600 1041 3677 multitudinem
1056 3598 1221 3675 munbili·

165 3712 224 3775 ter
243 3703 439 3795 acquirunt.
