2825 4709
282 354 436 434 'Lmen
459 351 517 436 ΙΙ..
535 375 595 432 nn
621 354 831 434 Onretun'
850 375 1058 474 nuruum,
1156 371 1216 446 δι.
1284 345 1287 351 ’

140 531 307 611 terrena,
334 533 538 593 veneratur.
564 515 625 591 Est
641 463 760 612 autem
777 487 1033 614 maritimum,
1060 487 1225 610 tumre-¹

140 623 198 691 tio
216 624 380 711 eorporis
399 616 495 690 reita
509 617 572 711 sit,
598 618 696 710 quod
706 617 756 694 est
767 621 989 715 temporale,
1014 621 1125 715 ipsum
1137 645 1202 698 ve·

140 739 185 790 ro
204 720 379 808 animum,
406 738 466 809 qut
457 716 524 789 fit
542 731 715 807 aeternus,
741 720 913 800 humilem
928 718 1030 812 tieri3
1057 718 1203 796 cumfi·
1279 727 1282 734 ’

139 839 229 927 gura
241 823 274 888 ἃ
287 816 396 888 status
410 817 496 889 nihil
509 816 603 890 aliud
616 813 833 913 significent,
853 820 913 892 mii
922 833 1079 898 mentem
1088 820 1203 895 homr

140 921 195 991 nis
215 937 261 989 eo
278 914 431 1008 speetare
445 930 641 1008 oportere,
667 937 741 1009 quo
754 918 943 993 vultum&
958 918 1111 996 animum
1128 935 1203 997 tam

139 1017 217 1089 reti
217 1036 276 1087 um
292 1012 362 1088 elie
377 1016 529 1114 debere,
555 1035 822 1109 quameorpus,
847 1017 953 1110 mid,
973 1037 1030 1092 cur
1022 1017 1203 1094 Qdomina

139 1119 170 1188 ri
187 1116 313 1192 debet,
337 1115 506 1189 imitetur
557 1116 701 1194 Verum
704 1117 895 1214 homines,
915 1070 1119 1208 tr'nominis
1139 1117 1202 1199 sui,

140 1211 339 1289 &rationis
356 1215 475 1307 obliti,
498 1216 627 1286 oculos
646 1203 728 1286 suos
745 1217 788 1287 ab
808 1218 883 1289 alto
901 1201 1085 1308 dejiciunt,
1107 1216 1202 1290 solo·

140 1337 211 1407 que
223 1310 403 1407 defigunt,
430 1329 538 1405 atque
558 1315 686 1385 timent
703 1334 815 1405 opera
832 1316 1025 1410 digitorum
1033 1315 1199 1410 suorum}

142 1414 238 1507 quast
252 1432 344 1485 vero
363 1414 552 1505 quidquam
567 1410 636 1484 effe
651 1411 756 1505 possit
768 1412 905 1486 artifice
922 1412 986 1486 suo
1004 1418 1126 1508 majus.
1174 1489 1179 1496 ,

140 1617 338 1642 m
560 1595 562 1600 Ι
694 1615 1194 1643 -m

477 1746 569 1822 CA
594 1748 621 1822 P
646 1749 683 1823 U
707 1747 745 1823 T
792 1747 846 1826 II.

142 1877 881 2011 Quaefueritprimacausrrfingerrdifimulacra3
906 1912 1201 1991 deveraDer'r'ma·
1286 1892 1289 1902 ἱ

394 2016 535 2106 gine,
560 2009 598 2087 U
613 2016 766 2109 ejusvrrr
779 2013 880 2084 cultu

144 2210 319 2381 Guae
308 2208 417 2305 igitur
438 2210 591 2288 amentia
611 2207 683 2305 est,
711 2222 774 2284 aut
796 2231 838 2285 ea
861 2205 1018 2309 fingere,
1044 2233 1122 2304 quae
1138 2211 1203 2304 ipit
1265 2173 1267 2178 V
1304 2213 1307 2222 “

260 2308 488 2403 postmodum
504 2310 673 2425 timeant,
701 2328 763 2382 aut
789 2313 938 2404 timere,
966 2313 1064 2402 quod
1090 2306 1204 2383 finxe-

142 2408 241 2483 rint?
292 2408 383 2481 Nun
409 2406 537 2501 ipsa,
527 2412 715 2501 inquiunt,
742 2410 928 2499 timemus,
955 2407 1013 2481 sed
1040 2430 1130 2501 eos,
1157 2409 1217 2482 ad»

143 2528 294 2601 quorum
314 2507 501 2602 imaginem
522 2506 620 2599 fieta,
648 2509 846 2599 &quorum
861 2508 1064 2581 nominibus
1080 2506 1204 2580 conse·

142 2624 242 2680 crata
257 2606 350 2696 sunt.
377 2604 519 2696 Nempe
534 2606 617 2678 ideo
633 2607 788 2698 timetis,
815 2607 913 2697 quod
927 2627 990 2680 eos
1005 2606 1074 2679 effe
1087 2608 1122 2680 in
1135 2627 1206 2678 coe·
1229 2658 1235 2670 .

143 2709 183 2781 lo
204 2706 438 2784 arbitramini:
463 2708 711 2796 nequeenim,
735 2703 760 2777 fi
784 2704 843 2777 Dii
868 2703 968 2798 sunt,
995 2708 1097 2779 aliter
1123 2702 1203 2780 fieri

141 2806 275 2900 potest.
327 2803 400 2876 Cur
416 2803 523 2898 igitur
542 2806 670 2876 oculos
689 2804 727 2876 in
746 2805 872 2879 coelum
892 2801 969 2878 non
987 2803 1141 2878 tollitis?
1168 2804 1205 2880 &

143 2905 333 2979 advocatis
350 2923 476 2976 eorum
489 2903 713 2994 nominibus,
738 2904 774 2976 in
788 2918 915 2996 aperto
930 2902 1098 2978 sacrificia
1111 2905 1205 2979 cele·

100 3009 102 3020 '
141 3004 282 3081 brettis?
309 3003 381 3074 Cur
393 3001 436 3074 ad
449 3002 1203 3099 parietem&ligna,&1apidespotiffimum,

145 3126 252 3195 quam
269 3105 332 3175 illo
347 3099 528 3194 speeiatis,
554 3102 614 3174 ubi
632 3124 697 3174 eos
713 3100 781 3175 effe
797 3100 965 3196 creditis?
1017 3104 1114 3197 Quid
1139 3102 1203 3175 sibi

144 3205 300 3297 templa,
328 3201 410 3293 quid
429 3222 495 3273 arae
514 3200 677 3274 volunt?
711 3201 795 3292 quid
814 3203 967 3295 denique
982 3197 1204 3294 ipsa'srmula·

147 3323 228 3395 cra,
256 3323 334 3395 quae
354 3314 415 3374 aut
436 3314 664 3375 mortuorum
688 3316 750 3373 aut
769 3300 961 3375 absentium
983 3302 1204 3375 monimenta

144 3400 252 3475 sunt?
292 3400 387 3475 Nam
406 3402 557 3473 omnino
572 3396 816 3515 fingendarum
832 3400 1093 3475 similitudinum
1109 3398 1203 3470 ratio
1319 3410 1321 3414 ·

146 3501 286 3574 idcirco
311 3502 355 3573 ab
379 3499 615 3572 hominibus
607 3516 756 3572 inventa
779 3497 849 3586 est,
882 3514 923 3571 ut
940 3492 1070 3592 posset
1078 3517 1206 3574 eorum

146 3602 320 3675 memoria
337 3598 504 3690 retineri,
530 3619 592 3691 qur
580 3600 662 3673 vel
674 3613 794 3672 morte
810 3595 986 3689 subtratii,
1006 3598 1064 3670 vel
1084 3594 1205 3669 absen-

146 3702 197 3773 tia
214 3699 357 3773 fuerant
375 3694 534 3788 separati.
571 3698 707 3784 Deos
697 3700 805 3793 igitur
824 3699 861 3770 in
877 3717 1030 3791 quorum
1050 3714 1204 3770 numero
1225 3713 1228 3718 ·

146 3794 390 3890 reponemus?
421 3796 456 3868 si
472 3796 508 3868 in
526 3812 779 3885 mortuorum,
807 3799 884 3889 quis
900 3811 971 3869 tam
989 3795 1135 3884 stultus,
1162 3808 1206 3868 ut

148 3896 274 3972 colati
299 3898 355 3970 Sr
346 3918 382 3969 m
394 3893 611 3985 absentium,
638 3897 781 3970 colendi
801 3916 888 3992 ergo
905 3916 980 3968 non
996 3893 1089 3978 sunt
1100 3893 1206 3966 srnec

147 3996 295 4089 vident,
321 4017 397 4090 quae
421 3993 590 4090 facimus5
615 4018 686 4073 nec
711 3997 878 4078 audiunt,
904 4016 981 4092 quae
1003 4009 1206 4092 precamur.

200 4095 355 4173 Lanam
367 4088 455 4171 Tem
465 4098 553 4172 1
692 4192 695 4199 .
735 4085 766 4171 F
906 4197 907 4201 Ἴ
1118 4088 1156 4167 Si
