2825 4709
355 337 1093 521 mansurumvultensi.
1194 403 1266 479 501
1326 486 1329 490 ἠ

207 552 375 631 omnibus
395 553 624 647 redundare,
650 551 849 626 oblivionis
870 573 1012 630 amnem
1016 549 1264 666 induxerunt,

199 667 254 727 ne
277 656 439 728 laborum
460 676 501 727 ac
523 656 706 728 malorum
720 663 902 725 memores¹
922 653 1044 725 animae
1061 651 1199 723 reverti
1217 649 1279 723 ad

159 802 163 808 -
203 749 351 846 superos
370 753 593 862 recusarent3
619 753 715 827 unde
735 753 927 848 Virgilius:

256 895 285 964 0
294 910 404 997 pater
430 918 516 966 aune
530 895 671 994 aliqum
669 896 711 966 ad
726 894 830 964 celum
848 894 958 964 dinc
945 918 996 964 ere
1004 887 1263 992 putandumst
1318 900 1323 910 “

149 1084 156 1090 .
226 995 407 1065 Sublimes
432 1001 575 1079 animas,
603 1005 777 1091 iterumque
801 996 840 1065 ad
866 983 959 1064 tarda
986 1000 1117 1063 reverti.
1280 1023 1288 1032 ·

204 1092 420 1192 Corpora²
448 1098 528 1188 Qua
551 1095 628 1165 lucis
653 1095 775 1183 miseris
799 1111 864 1188 ram
889 1094 963 1164 dira
987 1086 1120 1194 cupido?

201 1175 421 1328 ignorabant
428 1236 528 1309 enim
543 1231 745 1328 quomodo,
764 1247 825 1307 aut
842 1231 992 1325 quando
1001 1232 1039 1305 id
1054 1228 1131 1304 sieri
1120 1243 1257 1328 opor·
1288 1315 1290 1320 Α

202 1337 309 1409 teret.
370 1332 493 1426 ltaque
515 1332 648 1408 renasci
671 1356 729 1407 eas
748 1346 991 1426 putaverunt,
1019 1317 1193 1418 &denuo
1213 1327 1258 1401 ad

202 1446 344 1508 uterum
366 1431 535 1525 revolvi,
561 1448 669 1526 atque
687 1432 731 1505 ad
751 1431 931 1505 infantiam
948 1430 1098 1527 regredi.
1149 1429 1258 1502 Unde

202 1532 310 1604 etiam
326 1530 429 1608 Plato
448 1534 505 1608 de
509 1535 623 1605 anima
641 1523 830 1625 disserens,
849 1554 897 1606 ex
911 1531 988 1604 hoc
1000 1531 1049 1602 ait
1061 1525 1161 1621 posse
1170 1545 1260 1641 cog·

201 1627 310 1720 nosci
321 1632 452 1712 animas
472 1630 542 1706 esse
558 1633 777 1714 immortales
794 1646 901 1722 atque
916 1630 1080 1727 divinas,
1106 1629 1229 1719 quod·
1220 1648 1259 1705 nt

203 1731 323 1822 pueris
338 1733 485 1805 mobilia
501 1730 604 1805 sunt
594 1752 629 1803 ιιι
657 1753 757 1825 ema,
782 1729 816 1803 u
833 1731 879 1804 ad
893 1715 1159 1822 percipiendum
1174 1727 1265 1814 sacia
1294 1793 1297 1798 .

149 1880 163 1886 -
200 1828 269 1917 lia;
298 1831 395 1919 quod
412 1851 475 1924 ea,
501 1852 582 1926 quae
597 1732 789 1922 discant,
778 1835 829 1904 sta
843 1829 1010 1902 celeriter
1025 1829 1185 1919 rapiant,
1203 1827 1266 1944 uti

200 1947 278 2001 non
300 1943 388 2004 tnnc
403 1930 559 2025 primum
575 1927 707 2004 discere
731 1930 792 2002 illa
815 1928 1024 2020 videantur,
1051 1924 1109 2000 sed
1131 1937 1267 2038 recogg

201 2027 382 2120 noscere,
401 2041 509 2119 atque
525 2027 721 2104 reminisci.
752 2029 791 2102 in
811 2039 896 2121 quo
906 2028 963 2099 uir
982 2025 1115 2156 sapiens
1133 2028 1256 2186 poetis

198 2125 407 2219 ineptissime
425 2122 638 2292 credidit-

170 2299 172 2304 .
485 2295 488 2302 f
678 2289 723 2312 .ι,.
774 2287 791 2302 ν.
819 2293 874 2314 ,..Ι
1119 2287 1139 2310 ι,
1260 2301 1266 2324 g

484 2393 963 2520 caedrxxn'u

247 2570 301 2644 De
319 2571 555 2662 Resurrefiione
575 2575 712 2663 anima,
743 2567 845 2671 atque
862 2576 929 2670 ejus
952 2575 1000 2644 rei
1019 2571 1207 2669 testimonis,
1256 2573 1259 2582 '

148 2743 158 2790 i
197 2734 327 2907 Non
341 2732 447 2828 igitur
461 2731 711 2826 renascentur,
739 2732 836 2825 quod
850 2729 928 2805 fieri
943 2745 1016 2805 non
1032 2723 1169 2824 potest:
1196 2729 1256 2805 sed

149 2837 164 2908 -ζ
300 2830 505 2928 resurgent,
533 2832 711 2905 &aDeo
737 2832 950 2925 corporibus
971 2832 1121 2903 induent
1108 2845 1187 2917 tur3
1221 2831 1256 2903 dc
1320 2844 1329 2864 ··

148 2941 160 3012 ξ
195 2932 328 3048 prioris
344 2931 428 3002 vitae
441 2930 687 3023 sudorumque
703 2933 862 3006 omnium
875 2951 1053 3018 memores
1068 2944 1192 3017 erunt;
1221 2929 1267 3012 &-

149 3047 152 3072 ²
196 3030 368 3105 inbonis
395 3030 591 3104 coelestibus
617 3019 812 3123 collocati,
847 3050 888 3102 ac
911 3013 1070 3104 fruentes
1090 3029 1255 3121 jucundi

148 3139 159 3234 ¹
195 3125 273 3204 tat'e
290 3129 596 3203 innumerabilium
612 3133 819 3222 copiarum,
847 3128 1008 3224 prasenti
1014 3128 1107 3201 Deo
1124 3131 1262 3224 grarias,

148 3239 324 3324 legent,
358 3228 457 3320 quod
476 3230 606 3302 malum
630 3248 739 3302 omne
760 3228 963 3320 deleverit,
1001 3227 1111 3318 quod
1122 3248 1185 3298 eos
1210 3225 1254 3299 ad

153 3346 345 3423 =regnum
359 3328 541 3418 vitamque
557 3341 765 3421 perpetuam
782 3327 962 3401 suscitarit.
1013 3329 1095 3424 Qua
1113 3326 1156 3397 de
1173 3347 1255 3399 ana·

148 3435 155 3486 ¹
193 3426 271 3502 stasr
291 3424 494 3520 philosophi
514 3442 660 3518 quoque
680 3427 800 3500 dicere
819 3427 911 3499 aliud
937 3427 1058 3497 conati
1078 3423 1158 3496 sunt
1179 3439 1252 3499 tam

148 3537 381 3639 corrupte,
398 3546 501 3618 quarn
517 3541 646 3617 poetae.
679 3526 774 3599 Nam
786 3525 1100 3619 Pythagorasr
1024 3540 1100 3596 tran
1104 3525 1167 3597 sne
1182 3526 1252 3612 ani·
1256 3605 1266 3614 ‚

148 3631 270 3702 ¹'enas
287 3625 323 3695 in
340 3644 441 3697 nova
457 3639 613 3717 corpora
625 3623 833 3721 disputavit.
854 3623 937 3697 sed
929 3637 1072 3716 mepte,
1092 3624 1188 3712 quod
1206 3631 1252 3696 ex'

148 3729 152 3776 l
193 3723 401 3799 hominibus
419 3724 457 3797 in
476 3724 660 3817 pecudes,
687 3724 783 3797 &ex
800 3725 996 3817 pecudibus
1017 3725 1062 3794 in
1072 3722 1266 3814 hominess

196 3824 232 3896 ἃ
256 3820 402 3914 seipsum
434 3842 485 3895 ex
505 3819 707 3915 Euphorbo
741 3820 810 3896 elle
841 3838 1055 3933 reparatumt
1118 3822 1261 3893 Melius

197 3920 437 4016 Chrysippus,
464 3941 569 4012 quem
590 3920 721 3994 Cicero
742 3923 790 4016 ait
811 3921 939 3994 fulcire
960 3921 1138 4013 porticum
1158 3919 1261 3991 Stoi

155 4039 350 4119 corum,
384 4021 445 4116 qui
464 4022 503 4097 in
526 4020 650 4119 libris,
682 4042 774 4197 qagos
794 4022 838 4096 de
857 4019 1087 4120 providentia
1107 4018 1254 4125 scripfit,

742 4144 754 4197 ι
780 4142 801 4220 3
1128 4137 1223 4185 §Nm
