2825 4709
264 355 478 446 mm.
498 383 562 442 ort.
575 383 702 444 rausi
717 362 895 494 ssim·
918 329 1073 450 Pffl·
1133 393 1208 474 ¹⁹¹

141 549 237 613 note
259 523 490 604 clarificarett
519 525 576 600 cui
596 523 680 620 quid
694 528 776 604 mali
795 529 955 604 accidere
970 532 1153 632 potuerit,
1178 534 1211 615 ss
1301 501 1308 524 Ι

146 633 311 721 viveret,
337 651 412 701 non
427 629 590 701 invenio.
619 622 725 700 Caius
742 628 834 701 eninr
852 627 977 720 Caesar,
994 648 1034 704 ut
1047 636 1207 712 clemens
1252 677 1254 682 ·
1279 685 1282 692 ·

142 745 239 821 erat,
252 726 360 804 nibil·
372 726 464 801 aliud
480 722 621 799 efficere
640 728 810 820 volebat,
838 730 942 803 etiam
961 732 996 803 in
1017 731 1093 825 ipso
1113 735 1204 810 belli
1292 789 1298 796 -

142 833 260 916 civilis
275 828 423 919 ardore,
450 846 552 920 quam
570 838 609 897 ut
624 824 719 899 bene
736 825 862 900 mereri
882 830 926 902 de
941 830 1139 923 Republica
1151 835 1205 909 vi·

140 926 308 1016 deretur,
335 930 475 1001 duobus
493 927 637 1021 optimis
653 928 792 1000 civibus
812 927 990 1002 Cicerone
1008 930 1041 1003 dc
1059 929 1204 1011 Catone

142 1022 307 1103 servatis.
333 1027 401 1099 Sed
417 1030 599 1099 redeamus
616 1026 658 1097 ad
676 1048 753 1104 eos.
771 1027 830 1117 qui
846 1045 997 1103 mortem
1014 1052 1082 1125 pro
1098 1034 1204 1109 bono

139 1127 299 1201 laudant.
326 1127 385 1199 De
402 1127 477 1198 vita
492 1128 671 1217 quereris.
691 1128 783 1217 quast
801 1134 953 1217 triveris,
972 1147 1031 1203 aut
1049 1145 1205 1218 onustans

141 1227 207 1299 tibi
228 1219 320 1300 ratio
341 1225 566 1315 constiterit,
593 1241 658 1297 cur
674 1229 824 1298 omnino
838 1225 879 1298 srs
896 1243 1009 1303 natus.
1061 1230 1204 1308 Nonne

139 1329 248 1421 igitur
269 1324 332 1397 tibi
356 1343 465 1397 verus
486 1325 546 1396 ille
563 1324 597 1395 sc
615 1331 813 1398 communis
832 1329 991 1404 omnium
1004 1346 1113 1425 pates
1127 1329 1203 1409 Te·
1259 1372 1262 1379 ⁴

139 1428 340 1501 tentianum
355 1426 443 1498 illud
456 1422 536 1517 jure
553 1425 813 1517 increpaverit:

236 1566 250 1585 ·
299 1566 312 1582 ·
369 1531 466 1596 Prius
491 1527 588 1613 diste,
613 1535 686 1620 qaod
702 1524 748 1618 fit
772 1529 907 1612 viver&

369 1623 408 1697 Si
433 1624 606 1718 displicebit
630 1631 723 1702 vira,
752 1641 820 1692 rum
847 1621 937 1706 illitu
961 1628 1077 1699 utitor.
1099 1680 1104 1696 ,

138 1722 333 1821 Indignaris
348 1738 386 1799 te
397 1724 496 1797 malis
513 1714 582 1796 ell‘e
598 1713 812 1812 subjeclumr
826 1720 919 1813 qtrasr
929 1722 1117 1814 qtiiuquan
1126 1749 1201 1803 rne-

138 1829 247 1899 rearis
261 1824 371 1915 boni,
388 1827 445 1917 qui
455 1837 606 1917 patrem,
617 1817 675 1912 qui
684 1821 887 1921 dominum,
899 1826 956 1913 qui
967 1845 1084 1921 regem
1096 1843 1200 1906 tuum

138 1920 271 2013 nescis3
299 1925 372 2015 qui,
385 1924 547 2015 quamvis
565 1914 777 1995 clariffinram
793 1919 908 1995 lucem
927 1926 1095 1999 intuearis
1112 1947 1201 2002 ocu·

136 2023 202 2115 lis,
229 2038 350 2097 mente
366 2038 485 2095 tamen
499 2041 612 2092 caecus
629 2041 688 2111 es,
717 2020 750 2092 dc
771 2022 807 2095 in
828 2022 1015 2116 profundis
1032 2028 1200 2123 ignoran-

137 2123 197 2200 tiae
213 2119 370 2195 tenebris
383 2118 493 2214 jaces.
537 2121 632 2219 Quae¹
643 2117 845 2215 ignorantia
862 2116 1005 2216 effecit,
1032 2140 1073 2198 ut
1089 2148 1199 2219 quos,-

136 2223 216 2296 dam
235 2222 353 2294 dicere
367 2241 441 2294 non
459 2215 632 2316 puderet,
659 2219 796 2291 idcireo
820 2228 889 2294 nos
916 2219 985 2295 else
1004 2239 1128 2310 natos,
1156 2242 1199 2302 ut

134 2316 307 2396 scelerum
324 2339 445 2414 poenas
461 2320 657 2394 lueremust
685 2340 760 2410 quo
778 2319 861 2410 quid
877 2320 1018 2393 delirius
1035 2325 1103 2395 dici
1117 2324 1199 2418 pos
1288 2361 1293 2374 1

134 2418 198 2512 stt,
223 2420 433 2497 non'video.
459 2420 533 2493 Ubi
553 2420 666 2508 enim,
694 2420 755 2491 vel
770 2438 848 2507 quae
863 2415 995 2491 seelera
1012 2424 1196 2509 potuimus
1316 2429 1319 2438 “

137 2520 343 2612 admittere,
360 2523 418 2611 qui
437 2521 587 2590 omnino
600 2536 676 2586 non
696 2514 852 2587 suimus?
877 2515 953 2589 Nist
967 2515 1064 2591 forte
1076 2523 1199 2595 crede·

135 2641 213 2694 mus
230 2618 356 2713 inepto
372 2615 422 2690 illi
437 2613 530 2706 seni,
557 2616 615 2705 qui
635 2613 670 2685 se
685 2615 721 2685 iu
736 2615 847 2707 priori
867 2617 942 2690 vita
960 2612 1199 2711 Euphorbum

135 2714 237 2793 fuisse
253 2720 423 2793 mentitus
441 2713 501 2790 est.
564 2713 653 2796 Hic,
680 2713 812 2804 ered0‚
840 2718 937 2807 quod
954 2732 1030 2790 erat
1041 2718 1200 2816 'ignobili

136 2838 266 2916 genere
288 2831 408 2903 natus,
419 2810 582 2888 familiam
599 2812 659 2886 fibi
677 2831 720 2885 ex
740 2814 889 2887 Homeri
910 2819 1121 2893 carminibus
1137 2821 1224 2895 ad·-

135 2921 291 3013 optavit.
313 2908 1196 3010 Omiram&s1ngr.laremPythagoraememoriaml

134 3019 170 3091 O
190 3013 347 3090 miseram
365 3016 590 3088 oblivionem
606 3012 765 3086 nostrum
778 3016 960 3107 omnium,
988 3019 1047 3109 qui
1063 3015 1197 3094 nescia·

132 3135 232 3206 mus,
260 3114 318 3205 qui
334 3129 415 3187 ante
431 3113 618 3188 fuerimus!
671 3112 740 3185 Sed
756 3108 900 3185 sortasse
917 3117 974 3188 vel
995 3137 1120 3189 errore
1135 3118 1196 3193 ali·

133 3237 221 3308 quo,
237 3215 295 3287 vel
316 3216 427 3311 gratia
440 3215 482 3301 srt
496 3209 683 3300 effessum,
700 3227 741 3284 ut
754 3212 814 3283 ille
828 3209 922 3286 solus
939 3216 1196 3314 letbaeumgur·
1294 3255 1299 3261 ·

133 3317 242 3412 gitem
255 3331 332 3387 non
348 3312 519 3409 attigerit,
540 3334 608 3385 nec
624 3311 822 3385 oblivionis
839 3335 963 3403 aquam
981 3313 1195 3409 gustaverit:

133 3414 305 3486 videlicet
321 3414 426 3485 senex
445 3432 570 3494 varurs,
589 3412 677 3485 sieut
692 3410 816 3484 otiosae
833 3416 978 3492 aniculae
998 3414 1127 3509 solent,
1144 3416 1196 3491 sa·
1298 3449 1308 3466 ,

132 3512 235 3585 bulas
249 3528 416 3603 tanquam
430 3508 625 3584 infantibus
640 3513 790 3583 credulis
805 3505 921 3588 linxit.
948 3514 1196 3612 Quodsrbene
1274 3573 1281 3586 Ι

132 3606 285 3686 sensisset
300 3611 344 3684 de
359 3612 551 3702 iis‚quibus
568 3609 648 3685 baec'
659 3614 803 3684 locutus
820 3611 891 3700 est,
917 3610 1115 3687 srbomines
1127 3637 1200 3692 eos
1238 3648 1247 3664 ··

132 3710 380 3803 existimasset,
406 3730 586 3801 nunquam
606 3711 669 3785 srbi
687 3728 758 3782 tam
776 3714 980 3800 petulanter
998 3715 1197 3791 mentiendi

128 3810 314 3886 licentiam
335 3808 564 3885 vendicasset
587 3892 589 3896 v
617 3811 685 3883 Sed
702 3808 894 3884 deridenda
909 3810 959 3883 est
973 3811 1126 3886 bominis
1141 3816 1196 3890 le·
1285 3879 1290 3902 ,

96 3909 97 3913 ’
128 3911 255 3985 viffiml
273 3909 422 3983 vanitas.
463 3907 560 4007 Quid
577 3905 747 3984 Ciceroni
764 3908 960 3984 faciemus?
987 3913 1195 4002 quicumiu
1272 3969 1275 3976 ·

126 4004 682 4112 prmciprossonloutioalssue
697 4006 850 4108 dixisset,
859 4008 1073 4088 luendorum
1086 4008 1198 4090 seete·

629 4169 634 4182 .
1076 4128 1175 4188 lim
