2825 4709
186 361 414 456 42'8F1nst
439 363 718 462 L'ncrarrrrt
739 383 892 443 navtu.
918 345 1191 444 lucratur(

254 523 326 602 His
357 523 648 603 obscenitatibus
680 528 811 602 animas
827 517 881 601 'ad
907 525 1129 602 sanctitatem
1150 529 1244 626 geni·

185 636 262 715 tas,
294 627 456 699 velutin
481 626 571 699 coeni
595 627 732 723 gurgite
755 628 944 719 demersit,
980 630 1162 721 pudorem
1187 651 1241 703 ex·

185 724 325 818 tinxit,
357 727 563 819 pudicitiam
588 725 805 824 profligavit.
868 725 967 820 Idem
994 725 1104 800 etiam
1130 748 1240 801 mares

184 825 340 900 niaribus
363 825 562 913 admiscuit3
596 825 834 900 &nefandos
848 826 966 898 coitus
990 843 1124 900 contra
1145 847 1240 899 natu·

184 942 260 998 ram
277 939 475 1017 contraque
491 924 689 999 institutum
703 924 773 999 Dei
788 926 1008 1002 machinatus
1023 924 1095 1000 est:
1122 927 1172 999 lic
1184 927 1240 999 im·

107 1053 109 1060 ·
185 1022 267 1097 buit
296 1025 485 1113 homines,
519 1023 554 1096 dt
585 1027 736 1098 armavit
762 1025 805 1098 ad
828 1025 927 1098 nefas
953 1045 1075 1098 omne.
1147 1024 1239 1123 Quid

87 1187 90 1192 .
185 1120 281 1195 enini
301 1123 422 1216 potest
444 1122 514 1197 elle
528 1122 680 1198 sanctum
701 1126 764 1214 iis,
791 1128 850 1217 qui
866 1139 1006 1198 etatem
1023 1126 1241 1199 imbecillam

99 1303 102 1312 ,
185 1220 219 1294 dt
243 1217 402 1314 praelidio
426 1223 676 1319 indigentem,
702 1224 839 1296 libidini
863 1222 930 1297 suae
951 1224 1239 1316 depopulandam

183 1318 454 1414 foedandamque
467 1319 744 1397 substraverint?
770 1324 858 1398 Non
874 1322 994 1416 potest
1008 1324 1086 1395 haec
1100 1345 1159 1395 res
1176 1344 1239 1416 pro

183 1422 426 1516 magnitudine
440 1421 580 1497 sceleris
595 1424 759 1498 enarrari.
799 1415 899 1498 Nihil
915 1423 1063 1515 amplius
1077 1422 1168 1495 istos
1186 1446 1239 1515 ap·

183 1523 318 1617 pellare
341 1520 517 1615 polium„
534 1543 636 1615 qnam
660 1523 788 1615 impios
812 1523 846 1595 ἃ
867 1522 1085 1615 parricidas,
1113 1524 1237 1613 quibus

184 1643 261 1697 non
284 1618 409 1695 sufficit
428 1621 529 1695 sexus
551 1642 571 1693 a
588 1621 669 1694 Deo
685 1622 809 1714 datus,
835 1622 897 1695 nisr
919 1623 1024 1694 etiarn
1040 1620 1144 1694 suurn
1160 1640 1237 1714 pro·

184 1721 269 1797 fane
291 1742 332 1793 ac
353 1724 557 1814 petulanter
577 1721 737 1797 illudant.
787 1721 875 1795 Haec
897 1734 1016 1793 tamen
1040 1723 1138 1814 apud
1158 1722 1236 1792 illos

183 1823 302 1911 levia,
329 1820 467 1911 &quast
483 1818 631 1892 honesta
647 1817 737 1893 sunt.
788 1821 884 1916 Quid
901 1819 1013 1892 dicam
1028 1820 1076 1892 de
1090 1822 1157 1912 iis,
1180 1821 1236 1911 qui

183 1921 453 1995 abominandam
486 1939 562 1991 non
585 1919 796 2010 libidinem,
831 1917 890 1992 sed
914 1916 1087 1993 insaniam·
1115 1922 1235 2011 potius

90 2016 92 2020 ’
184 2020 373 2110 exercent!
408 2017 509 2112 Piget
524 2019 661 2090 dicere:
687 2016 746 2091 sed
763 2019 847 2109 quid
866 2019 918 2090 bis
937 2018 1018 2091 fore
1036 2020 1235 2107 credamus,
1276 1995 1278 2080 i

184 2139 276 2210 quos
294 2138 370 2190 non
387 2117 485 2213 piget
500 2115 643 2190 facere?
669 2116 836 2190 &tamen
852 2118 1039 2191 dicendum
1058 2117 1131 2208 est,
1160 2120 1235 2210 quia

183 2214 238 2294 fit.
293 2217 358 2289 De
383 2216 454 2290 istis
480 2218 640 2308 loquor,
674 2237 825 2308 quorum
855 2218 1036 2289 teterrima
1065 2216 1236 2290 libido&

183 2316 392 2392 execrabilis
416 2316 518 2389 furor
539 2336 585 2388 ne
608 2317 715 2407 capiti
739 2316 879 2407 quidem
905 2317 1029 2408 parcit.
1094 2319 1232 2415 Quibus

181 2419 256 2491 hoc
274 2418 411 2497 verbis,
439 2428 501 2486 aut
523 2436 591 2505 qua
611 2416 853 2509 indignatione
871 2430 1007 2486 tanturn
1031 2415 1137 2487 nefas
1156 2436 1232 2508 pro·

183 2515 332 2608 sequar?
366 2518 492 2586 Vincit
518 2513 671 2587 officium
697 2516 823 2609 linguae
849 2513 986 2585 sceleris
1010 2516 1233 2610 magnitudo,

185 2616 275 2689 Cum
297 2617 403 2711 igitur
425 2615 538 2686 libido
562 2615 636 2687 lraec
659 2615 741 2685 edat
759 2636 889 2707 opera,
918 2614 1048 2684 &haec
1074 2615 1234 2686 facinora

182 2717 359 2811 designet,
386 2713 540 2786 armandi
566 2713 730 2785 adversus
755 2737 831 2785 eam
855 2715 990 2783 virtute
1011 2714 1169 2785 maxima
1186 2713 1232 2784 su·

180 2835 271 2892 mus.
323 2816 492 2910 Quisquis
509 2810 653 2885 affectus
669 2814 750 2883 illos
764 2814 910 2885 fraenare
924 2833 998 2883 non
1011 2812 1157 2904 potest,
1178 2834 1233 2883 co·
1253 2877 1261 2898 ,.

181 2916 304 2991 hibeat
323 2935 388 2985 eos
410 2916 503 2984 intra
522 2911 760 3005 prescriptum
783 2912 928 3005 legitimi
953 2913 1048 3001 tori,
1076 2926 1118 2983 ut
1143 2899 1232 3004 &qil-

181 3014 244 3090 lud
258 2999 395 3105 ,'quod
415 3012 518 3085 avide
537 3014 694 3103 expetit,
725 3010 979 3101 consequatur,
1006 3008 1231 3083 &tamenin

180 3129 369 3211 peccatum
386 3134 460 3185 non
477 3112 618 3187 incidat.
669 3109 763 3182 Nam
783 3111 867 3200 quid
889 3111 948 3182 sibi
970 3109 1139 3181 homines
1159 3130 1231 3202 per·

181 3215 247 3288 diti
265 3212 424 3286 volunt?
457 3210 598 3301 Nempe
618 3203 768 3282 honesta
792 3230 903 3300 opera
929 3211 1097 3299 voluptas
1124 3208 1231 3299 sequi·

181 3330 265 3388 tur:
297 3315 322 3387 sr
343 3311 450 3408 ipsam
473 3330 537 3401 per
560 3308 594 3381 se
614 3322 807 3401 appetunt,
831 3308 922 3401 justa
938 3306 971 3382 ἃ
987 3309 1150 3401 legitima
1168 3308 1229 3382 frui

179 3415 277 3487 licet.
659 3465 661 3471 .
884 3465 891 3482 .

256 3510 367 3609 Quod
390 3509 415 3581 st
438 3509 552 3597 aliqua
574 3505 754 3580 neceffitas
777 3504 1004 3600 prohibebit,
1037 3517 1116 3578 tum
1142 3523 1230 3576 vero

178 3612 330 3688 maxima
353 3606 549 3681 adhibenda
573 3609 687 3677 virtus
713 3608 808 3698 erit,
841 3620 882 3678 ut
905 3603 1090 3697 cupiditati
1117 3606 1230 3677 conti·

180 3713 302 3785 nentia
321 3708 522 3782 reluctetur.
581 3704 663 3778 Nec
687 3719 823 3779 tantum
847 3704 991 3795 alienis,
1027 3725 1105 3794 quae
1131 3705 1231 3775 attin·

180 3831 265 3906 gere
291 3810 500 3894 nonlicet,
540 3824 667 3876 verum
698 3807 804 3877 etiam
829 3804 978 3896 publicis
1005 3804 1231 3897 vulgatisque

181 3911 396 4002 corporibus
412 3905 675 3991 abstinendum,
702 3904 802 3979 Deus
823 3902 1015 3995 praecepit3
1051 3902 1231 3992 docetque

85 4104 101 4123 Ι
180 4031 276 4105 nos,
312 4030 392 4084 cum
425 4008 498 4082 duo
531 4005 624 4080 inter
650 4002 684 4081 se
711 4022 866 4102 corpora
891 4002 1022 4078 fuerint
1049 4006 1232 4096 copulata,

1071 4121 1183 4175 unum

118 4191 205 4233 Α
