2825 4709
139 452 143 468 ἱ
241 391 243 398 .
274 305 396 428 Lm
420 313 560 424 Ill-oa
584 366 700 426 rma
717 345 903 434 Saeuum
924 347 1106 442 mom
1136 285 1205 454 nn

145 512 246 605 bare3
258 529 365 603 quem
375 508 557 602 oportuit,
567 508 805 603 illadocente‚
818 513 852 584 δι
865 509 1007 600 sentire,
1022 514 1056 590 ta
1068 512 1205 614 sapere,

147 609 182 684 ἀ
197 612 233 684 ln
248 607 426 682 clarislima
441 609 522 680 luce
539 604 697 681 versaris
721 610 774 682 At
789 632 890 701 quam
906 610 1084 686 consessus
1094 616 1204 692 suerin

144 707 382 805 philosophia
403 708 613 799 veritatem,
637 708 775 781 docent
800 711 843 783 ad
869 707 977 784 filium
1006 717 1205 809 composita
1249 735 1255 742 ·

143 823 343 905 precepta,
367 805 629 896 quibusmonea
645 806 880 901 philosophiae
893 811 1034 901 quidem
1048 833 1208 908 praecape

143 924 182 981 ta
196 904 395 993 noscenda,
423 904 619 980 vivendum
637 925 755 981 autem
773 908 842 980 else
860 909 1026 986 civiliter.
1130 943 1142 968 κ

224 1005 406 1100 Quintam
419 1025 618 1101 repugnans
636 1006 704 1078 dici
723 1004 867 1099 potest?
894 1003 927 1079 Si
937 1001 1115 1084 noscenda
1124 1009 1207 1087 sunt

144 1119 324 1199 praecepta
337 1101 592 1197 philosophie,
620 1105 703 1179 ideo
718 1106 842 1197 utique
859 1106 1038 1183 noscenda
1055 1108 1146 1200 sunt,
1163 1123 1205 1186 ut

144 1202 241 1276 reite
257 1203 500 1294 sapienterque
516 1203 690 1280 vivamus.
743 1206 835 1294 Vel,
862 1209 887 1281 s1
905 1209 1061 1283 civiliter
1078 1211 1208 1290 vivent

143 1303 226 1375 dum
235 1300 298 1395 est,
307 1322 382 1375 non
396 1301 448 1375 est
460 1302 567 1397 igitur
582 1300 806 1395 philosophia
821 1303 1009 1397 sapientia3
1035 1308 1206 1402 siquidem

143 1401 271 1476 melius
292 1401 342 1475 est
359 1402 536 1493 civiliter,
554 1421 656 1491 quam
674 1400 922 1495 philosophice
942 1406 1082 1482 vivere.
1108 1407 1206 1486 Nam
1278 1417 1282 1428 “

143 1500 170 1574 si
188 1500 356 1593 sapientia
370 1499 440 1590 est,
466 1498 935 1600 quadiciturphilosophia,
962 1502 1068 1577 stulte
1083 1507 1206 1596 prose·

146 1596 331 1685 olovivit,
360 1602 417 1691 qui
435 1619 510 1671 non
529 1594 718 1673 secundum
734 1599 994 1694 philosophiam
1009 1605 1115 1680 vivit.
1166 1605 1207 1694 Si,

146 1713 266 1774 autem
285 1719 361 1771 non
374 1698 480 1772 stulte
493 1697 612 1786 vivit,
639 1701 696 1789 qui
717 1700 873 1772 civiliter
890 1701 1006 1789 vivit,
1034 1700 1205 1793 sequitur,

145 1811 189 1870 ut
203 1797 309 1872 stulte
326 1798 451 1885 vivat,
478 1797 536 1888 qui
554 1796 803 1889 philosophice
821 1799 925 1875 vivit.
949 1797 1062 1875 -Tuo
1083 1801 1206 1894 itaque

140 1896 279 1990 judicio
294 1895 516 1990 philosophia
532 1893 699 1983 stultitia,
709 1893 1210 1991 inanitatisquedamnataeli.¹
1268 1947 1270 1954 ·

145 1995 244 2070 Idem
263 1996 298 2067 in
315 1994 595 2085 Consolatione,
622 1995 656 2067 id
672 1994 743 2087 est,
763 1996 798 2069 in
817 2018 1020 2091 operenon
1034 2002 1211 2098 joculari,
1248 2037 1253 2058 ι

144 2093 238 2169 hanc
254 2095 298 2167 de
314 2093 537 2189 philosophia
553 2090 760 2186 sententiam
777 2092 903 2171 tulisti:
937 2097 1039 2190 „Sed
1067 2098 1206 2197 nescio,

145 2195 338 2288 „quisnos
350 2192 1069 2292 teneaterror,autmiserabilisignoratio
1080 2203 1207 2293 veri„

145 2292 222 2366 Ubi
243 2293 293 2367 est
318 2313 405 2390 ergo
429 2291 663 2387 philosophia
683 2293 945 2390 magisterium?
972 2313 1033 2368 aut
1058 2300 1140 2388 quid
1167 2313 1208 2374 te
1273 2379 1277 2390 ,

147 2391 340 2465 docuitilla
350 2395 581 2485 vitaeparens‚
596 2392 619 2466 fi
639 2414 763 2464 verum
778 2391 1021 2465 miserabiliter
1035 2393 1208 2488 ignoras?

148 2493 261 2586 Quod
273 2493 295 2565 h
309 2493 384 2565 haec
395 2495 527 2564 erroris
539 2490 850 2584 ignorationisque
866 2490 1037 2565 consofflo
1055 2495 1214 2582 penein·,

148 2592 312 2664 vitotibi
331 2594 374 2663 ab
392 2590 519 2662 intimo
537 2587 684 2679 patiore
697 2586 854 2679 expressa
870 2588 942 2682 est,
969 2607 1031 2661 cur
1049 2611 1122 2662 non
1140 2593 1213 2666 nbi

148 2709 276 2763 verum
298 2690 420 2762 fateris
440 2686 652 2778 aliquando,
673 2685 947 2780 philosophism
957 2709 1058 2781 quam
1069 2703 1109 2762 tu
1119 2691 1221 2768 nihil'
1303 2721 1314 2730 ·

150 2787 344 2861 docentem
361 2791 397 2859 in
413 2788 539 2860 coelum
558 2786 719 2861 laudibus
739 2786 907 2882 extulisti,
922 2787 1119 2886 magistram
1135 2789 1209 2864 vir·

149 2890 238 2960 tutis
255 2886 324 2960 else
337 2907 413 2960 non
431 2882 557 2980 polle?

458 3226 493 3302 'C
518 3229 550 3302 A
577 3229 617 3303 P·
630 3228 668 3302 U
692 3226 730 3300 T
779 3228 869 3304 XV.

121 3458 125 3474 ,
173 3366 296 3465 Seneca
310 3413 398 3462 error
412 3392 451 3458 in
470 3389 690 3486 Philosophia3
715 3387 754 3464 (J
771 3385 1185 3486 quomodo-Phriosophorum
1204 3363 1214 3432 γ·

412 3497 514 3561 oratio
529 3514 715 3560 cumeorum
730 3493 803 3561 vito
816 3504 943 3585 pugnet.
1070 3527 1073 3556 l
1131 3525 1135 3534 ·
1230 3495 1249 3506 ''

153 3685 325 3866 Eodem
341 3683 465 3759 dusius
483 3708 607 3761 errore
624 3687 762 3762 Seneca
770 3687 797 3776 (
798 3689 874 3779 quis
883 3687 977 3762 enim
986 3680 1216 3777 veramviant'

243 3800 405 3875 teneret,
431 3804 573 3860 errante
593 3785 821 3886 Cicerones)
849 3783 1132 3879 „Philosophia‚
1156 3779 1213 3852 in·

153 3885 288 3978 „onim
313 3887 400 3957 nihil
418 3886 512 3957 aliud
530 3886 600 3978 est,
628 3909 729 3978 quam
746 3891 841 3960 retia
855 3885 948 3956 ratio
965 3880 1133 3967 vivendi*
1148 3877 1213 3978 vel

149 3982 336 4080 „honeste
345 3985 493 4057 vivendi
502 3983 668 4083 scienti-a,
693 3990 823 4072 vel-ara
838 3984 941 4074 teilo
955 3984 1039 4080 vjtae
1057 3977 1217 4088 agenoaa‘

202 4079 503 4188 lassanthomJ.
700 4085 747 4160 M
814 4087 818 4094 '
1034 4067 1262 4235 „Non'L
