2825 4709
189 451 192 460 .
278 347 1050 496 ·L1nrnl.nrrnr.snanrororct.
1162 331 1295 488 52¹⁸

140 526 211 602 lex
233 522 340 622 Pupia
362 527 506 608 fibulam
525 530 719 627 imposuit?
745 553 790 608 an
804 532 1011 629 impetravit
1024 531 1085 624 jus
1100 532 1211 636 trium

138 628 377 712 liberorum?
402 631 463 704 An
479 633 620 708 tandem
634 634 685 706 illi
704 635 806 709 venit
823 634 859 706 in
874 644 1048 707 mentem:
1226 633 1233 650 ‘

251 733 311 800 Ab·
325 732 387 801 alio
405 731 556 825 exp-eiius,
579 736 676 804 alteri
695 741 774 840 quod
792 731 921 826 feceris.
989 725 992 736 ⁸

142 824 196 899 Et
215 829 340 922 timet,
368 833 503 924 nequis
520 832 721 925 srbifaciat,
749 832 847 925 quod
861 830 933 927 ipse
947 827 1129 905 saturno?
1155 825 1211 906 Ac
1296 899 1299 904 .

141 924 224 1020 isti,
252 934 310 1019 qui
340 929 441 1004 Dios
466 932 638 1026 afferunt,
665 933 832 1024 videant,
860 930 1046 1023 quomodo
1063 927 1211 1025 respon·
1268 999 1272 1008 ,

143 1028 257 1099 deant
275 1031 357 1101 huic
372 1046 582 1126 argumento
593 1043 613 1122 ‚i
632 1032 731 1123 quod
745 1031 957 1105 inferemus:
982 1028 1019 1103 Si
1037 1029 1111 1103 duo
1127 1028 1211 1104 sunt
1245 1127 1248 1132 η

143 1126 251 1198 sexus
268 1128 452 1222 Deorum,
479 1129 634 1223 sequitur
647 1131 883 1222 concubitus;
911 1129 982 1206 &fi
999 1143 1157 1223 coeunt,
1172 1128 1210 1203 or

146 1224 280 1298 domos
295 1230 448 1302 habeant
463 1230 602 1303 necesse
621 1230 686 1303 est:
712 1231 1211 1310 necenimcarentvirtuteac

145 1326 311 1417 pudore,
337 1344 378 1399 ut
400 1334 473 1401 hoc
495 1330 696 1424 promiscue
714 1344 775 1401 aut
794 1332 831 1403 in
847 1330 1042 1423 propatulo
1057 1327 1208 1424 fociant,

146 1422 240 1496 sicut
252 1443 350 1499 muta
365 1430 528 1503 videmus
542 1428 661 1500 facere
676 1430 847 1504 animalia.
858 1430 892 1499 Si
902 1430 1031 1501 domos
1041 1428 1211 1509 habeant,
1224 1478 1228 1482 -

148 1522 373 1615 consequens
387 1526 458 1615 est,
484 1541 527 1599 ut
542 1528 575 1599 δι
589 1528 695 1601 urbes
708 1528 884 1630 habeanffi,
901 1527 937 1601 oc
951 1525 1093 1620 quidem
1107 1538 1212 1599 auto·

146 1640 187 1696 rc
201 1622 372 1719 Nasone,
399 1626 457 1718 qui
476 1626 542 1702 ait:
636 1662 638 1665 ·

252 1773 341 1845 Plebs
366 1775 492 1848 habitat
517 1775 644 1865 diversa
666 1774 761 1861 locis3
785 1774 844 1847 hac
860 1739 976 1866 fronti
992 1788 1143 1873 potenter
1184 1805 1188 1820 ¹

95 1867 99 1886 '
236 1875 403 1960 ‚Coeir'colae
426 1878 563 1973 clarique
586 1878 799 1972 imposuere
818 1890 960 1972 penato.

145 2017 187 2092 Si
201 2020 336 2093 habent
353 2024 482 2116 urbes,
508 2019 541 2095 ἅ
559 2042 663 2119 agros
679 2023 786 2119 igitur
801 2022 997 2099 habebunt.
1039 2018 1117 2117 Jom
1132 2019 1213 2115 quir

146 2139 228 2193 non
243 2120 389 2214 videat,
417 2143 493 2214 quae
509 2121 727 2214 sequantur?
753 2143 852 2197 arare
876 2124 983 2216 illos,
1009 2118 1043 2195 δι
1068 2123 1211 2197 coleret

149 2214 400 2311 ¹quodquidem
410 2220 522 2294 virius
534 2219 633 2294 causa
643 2217 694 2297 fit.
707 2216 985 2319 Ergomortales
995 2218 1084 2296 suno
1097 2220 1213 2319 Quod

149 2332 401 2414 argumentum
419 2318 659 2394 retroversum
675 2321 768 2397 idem
785 2325 894 2398 valet.
946 2320 982 2392 Si
997 2320 1089 2393 enim
1104 2338 1213 2415 agros

148 2437 229 2489 non
250 2417 405 2513 habent,
430 2441 476 2494 ne
487 2422 593 2494 urbes
606 2421 765 2511 quidem:
789 2421 813 2494 fi
837 2421 943 2494 urbes
965 2437 1042 2491 non
1061 2418 1214 2510 habent,

148 2536 198 2589 ne
215 2514 344 2591 domos
363 2520 523 2609 quidem
548 2518 756 2592 fidomibus
771 2533 909 2610 carent,
928 2536 1016 2612 ergo
1030 2514 1064 2588 δι
1078 2533 1216 2588 concu-

142 2615 249 2687 'bitu'r
275 2615 300 2689 sr
321 2620 538 2690 concubitus
554 2620 597 2690 ab
613 2617 667 2690 his
683 2615 798 2712 obest,
814 2617 848 2690 δι
864 2615 965 2690 sexus
980 2614 1087 2713 igitur
1101 2611 1215 2687 foemi·

146 2735 251 2792 neus.
278 2714 319 2789 In
335 2717 414 2790 Diis
428 2731 546 2790 autem
561 2713 1022 2791 videmusufoeminaresse:
1053 2711 1215 2812 ergoDii

149 2834 229 2886 non
243 2812 334 2891 sunt.
368 2814 548 2889 Dissolvot
565 2817 639 2889 hoc
655 2831 920 2920 argumentum,
945 2814 1064 2908 liquis
1078 2809 1222 2910 potest..
1318 2873 1321 2878 -

136 2910 208 3002 ¹Ita
230 2917 324 2989 cuim
347 2934 404 2987 res
425 2935 499 2989 rem
520 2913 696 3008 sequitur,
723 2929 765 2988 ut
782 2916 859 2989 haec
876 2915 1000 2989 ultima
1017 2910 1157 2986 neceffe
1169 2911 1215 2987 iit

152 3011 334 3089 confiteri.
378 3014 447 3087 Sed
463 3015 608 3088 neillud
626 3014 766 3105 quidem
784 3009 955 3100 dissolvet
968 3011 1104 3105 aliquio
1156 3008 1216 3088 Ex
1245 3067 1246 3072 Ν

153 3112 298 3187 duobus
313 3112 453 3188 sexibus
469 3114 727 3205 ulteriorum,
755 3115 845 3189 alter
861 3110 1036 3189 infirmior
1050 3109 1111 3185 est.
1137 3108 1216 3183 Ro·
1275 3205 1278 3212 1

149 3210 328 3285 bustiores
343 3216 436 3286 enim
451 3234 566 3288 mares
579 3212 677 3305 sunt,
701 3212 854 3289 foerninae
869 3209 1133 3288 imbecilliores.
1146 3206 1216 3281 lm·

150 3312 330 3384 becillitas
346 3327 464 3386 autem
479 3332 556 3386 non
569 3312 664 3386 cadit
676 3313 714 3385 in
726 3311 867 3404 Deum3
900 3331 991 3408 ergo
1012 3327 1081 3381 nec
1102 3305 1217 3380 foemi·

152 3429 244 3485 neus
260 3409 374 3485 sexus.
411 3411 508 3485 Huic
521 3410 660 3485 additur
675 3409 866 3504 superioris
882 3406 1081 3507 argumenti
1097 3419 1217 3483 extroi

151 3511 293 3693 gafma
317 3511 522 3686 concluiio,
546 3524 589 3587 ut
607 3510 867 3610 Dii'nonfint,
893 3510 1063 3609 quoniam
1077 3505 1117 3582 in
1131 3503 1220 3582 Diic'

218 3610 354 3684 oeminae
382 3622 459 3687 unt.

420 4042 461 4182 s„
635 4104 722 4184 Do
