2825 4709
166 395 237 478 '310
261 359 698 458 rrum-sicessos
721 397 872 455 nrum.
895 341 1139 457 iusrrrur.

168 531 378 638 opinionem
396 537 625 632 consecrata,
651 540 753 614 Deus
777 541 903 632 utique
928 539 1127 616 colebatur.
1179 533 1231 613 Et

166 643 252 718 ideo
268 661 343 716 non
358 655 460 716 erant
472 639 721 734 dissensiones,
745 639 1084 734 nequeinimicitie,
1109 661 1230 734 neque

168 743 276 822 bella.
464 751 469 768 ¹

269 839 423 914 Nondum
449 839 581 926 vesanos
606 842 706 911 rabies
731 841 913 918 nudauerat
936 834 1032 909 enses.

169 953 212 1016 ut
226 939 459 1016 Germanicus
476 937 588 1012 Caesar
604 941 639 1012 in
657 941 803 1012 Araraeo
818 939 979 1031 loquitur
998 938 1175 1012 carmine:

272 1043 342 1114 Nec
364 1033 596 1134 consanguineis
616 1039 730 1129 fueras
756 1039 906 1126 discordia
932 1055 1024 1114 natu.

168 1135 249 1218 Im't')
263 1161 309 1214 ne
321 1141 524 1236 alienigenis
541 1139 700 1230 quidem:
726 1135 784 1212 sed
797 1160 916 1229 neque
930 1137 1235 1232 ulliomninogla·

170 1239 233 1330 dii,
249 1239 308 1332 qui
325 1238 567 1332 nudarentur,
592 1237 749 1312 suerunt.
785 1241 876 1338 Quis
892 1239 984 1311 enim
1001 1233 1174 1332 prasente
1191 1259 1234 1310 ac

168 1339 319 1436 vigente
336 1337 474 1432 Justitia
491 1351 553 1410 aut
570 1337 616 1412 de
634 1341 748 1411 tutela
761 1335 833 1432 sui,
861 1359 941 1411 cum
964 1355 1072 1409 nemo
1094 1336 1236 1432 insidias

171 1453 295 1529 retur,-
320 1449 382 1510 aut
400 1439 444 1512 de
458 1439 616 1531 pernicie
636 1440 781 1511 alterius
799 1439 999 1535 cogitaret,
1026 1457 1108 1509 cum
1121 1458 1233 1510 nemo

174 1539 364 1634 quidquam
383 1536 679 1632 concupisceret?

277 1637 448 1709 Moschum
473 1643 566 1722 tqa-rur'
591 1641 734 1708 contenti
756 1640 871 1707 viuere
894 1637 994 1722 cultu,

171 1751 216 1814 ut
233 1735 364 1810 Cicero
383 1739 420 1810 in
439 1735 504 1812 suo
523 1750 667 1828 namet,
693 1737 792 1828 quod
818 1733 869 1809 est
892 1735 1078 1832 proprium
1102 1730 1235 1807 nostra

172 1835 384 1936 Religionis.

274 1940 330 2010 Ne
348 1936 474 2030 figurare
497 1935 642 2030 quidm,
666 1951 728 2008 aut
746 1937 872 2033 partiri
895 1936 999 2007 simite
1022 1951 1158 2032 campum

277 2039 340 2106 lus
364 2050 451 2106 mar:
479 2040 517 2106 in
543 2037 676 2106 medium
701 2039 891 2133 querebant.
1181 2104 1182 2107 ,

175 2135 321 2233 Quippe
340 2153 421 2206 cum
435 2131 536 2207 Deus
553 2156 781 2210 communem
797 2137 963 2210 omnibus
979 2148 1109 2206 terram
1123 2126 1236 2204 dedis-

173 2233 247 2324 set,
270 2249 312 2306 ut
328 2254 555 2312 communem
570 2235 614 2308 de
639 2247 743 2309 erent
757 2236 890 2327 vitam,
918 2256 993 2306 non
1012 2246 1053 2305 ut
1066 2230 1234 2305 rabida&

174 2333 299 2410 furens
315 2334 465 2407 avaritia
479 2333 541 2408 sibi
557 2355 617 2409 om
647 2337 678 2407 'a
695 2334 918 2422 vendicaret,
929 2355 995 2405 nec
1011 2333 1072 2404 ulli
1087 2328 1235 2422 deesset,

176 2433 274 2526 quod
288 2433 454 2505 omnibus
467 2431 680 2506 nasceretur.
710 2434 820 2532 Quod
836 2447 953 2526 poetae
970 2431 1099 2504 ditium
1113 2431 1161 2506 stc
1178 2451 1233 2501 ac-

176 2533 248 2624 cipi
265 2548 438 2625 oportet,
461 2554 539 2607 non
556 2548 598 2607 ut
613 2534 871 2626 existimemus,
888 2534 974 2604 nihil
991 2534 1142 2603 omnino
1159 2545 1237 2603 tum

174 2628 278 2708 luisse
295 2632 449 2726 privati,
475 2630 534 2705 sed
548 2654 650 2707 more
664 2635 814 2725 poetico
828 2630 1038 2728 figuratum3
1064 2646 1106 2702 ut
1131 2630 1238 2700 intel·

89 2781 95 2810 ,
175 2731 346 2826 ligamus,
375 2745 447 2804 tam
472 2733 635 2806 liberales
661 2731 762 2805 fuisse
787 2734 974 2821 homines,
1000 2746 1041 2801 ut
1057 2743 1159 2802 natas
1174 2729 1237 2801 stbi

175 2827 298 2923 fruges
320 2849 395 2901 non
417 2831 663 2923 includerent,
688 2853 757 2904 nec
775 2831 838 2905 soli
857 2829 1070 2904 absconditis
1091 2829 1238 2901 incuba-

176 2927 280 3019 rent,
305 2925 365 2999 sed
379 2949 552 3022 pauperes
576 2921 619 3003 ad
639 2933 929 3007 communionem
945 2930 1082 3025 proprii
1098 2928 1236 3000 laboris

179 3025 421 3102 admitterent.

280 3128 434 3199 nummo
453 3131 525 3227 jam
548 3128 659 3212 lobiis,
680 3134 749 3226 jam
774 3131 908 3222 fiumina
932 3128 1075 3199 acuaris
1104 3128 1208 3201 ibant.

178 3223 262 3300 Nec
286 3229 435 3315 mirum,
463 3247 543 3301 cum
559 3231 801 3326 promptuaria
817 3229 990 3320 justorum
1005 3230 1159 3323 benigne
1177 3248 1238 3317 pa·

179 3339 301 3397 terent
320 3327 509 3417 omnibus3
536 3350 605 3400 nec
631 3331 779 3402 avaritia
804 3330 1034 3420 intercipiens
1061 3322 1237 3399 beneficia

180 3423 664 3519 divint,samems1timque
692 3432 804 3523 uulgo
828 3426 985 3501 faceret:
1018 3428 1076 3504 sed
1110 3447 1238 3499 omnes

179 3526 362 3613 equaliter
380 3527 621 3617 abundarent,
650 3548 731 3601 cum
747 3528 918 3601 habentes
933 3549 1007 3601 non
1023 3528 1240 3600 habentibus

178 3621 276 3718 large
290 3621 509 3716 copioseque
524 3625 713 3699 donarent.
746 3625 816 3700 Sed
829 3627 1014 3718 postquam
1030 3627 1205 3701 Saturnus
1221 3647 1241 3698 a

178 3717 257 3795 fillo
276 3722 416 3817 pulsus,
442 3724 479 3796 in
497 3722 710 3818 Latiumque
727 3725 863 3798 delatus
882 3726 945 3820 est,

172 3825 178 3832 ”
281 3826 382 3893 Arma
412 3825 513 3920 Juvis
529 3822 684 3918 fugiens,
710 3825 747 3901 ὕ
775 3830 878 3918 regnis
904 3825 1193 3921 exsus'adempti53

181 3940 261 3993 cum
273 3920 346 4012 jam
361 3923 517 4015 populus
533 3924 593 3996 vel
611 3926 700 3997 novi
716 3925 807 4019 regis
821 3940 938 4015 metu,
967 3926 1027 3995 vel
1043 3924 1101 3997 sua
1110 3924 1241 4017 sponte

180 4019 411 4115 depravatus,
420 4013 538 4097 Deum
554 4025 677 4100 colere
691 4015 1145 4124 defiiffet,Regemquepro
1158 4024 1240 4100 Deo

397 4139 398 4142 ’
1083 4126 1189 4198 habe-

1137 4205 1143 4236 l
