2825 4709
242 369 390 470 ...Iam
410 367 477 466 nt:
499 389 552 464 οι.
576 390 694 492 nrm
717 368 896 490 manaa
920 367 1074 470 Bam·
1131 393 1203 476 Μ

141 532 462 636 ἠᾳηι,.,,ᾳιιε,ΐοὶα
485 529 616 614 efficiat
632 532 743 612 vitam
762 533 914 610 beatam.
942 581 952 624 ·.
966 533 1065 608 Nihil
1082 531 1203 634 potest

142 635 265 710 verius
279 635 359 708 dici.
386 633 456 706 Sed
472 630 578 728 quid,
604 631 628 708 st
646 632 881 726 cruciabitur,
907 647 969 706 aut
983 633 1114 708 dolore
1129 621 1202 728 affig

141 715 288 822 cietu‘i?¹
318 731 514 831 Boteritne¹
532 731 715 826 quitquam
740 732 836 806 inter
861 727 1046 808 carnifices
1074 739 1202 826 beatur

140 833 248 910 effei,
274 833 349 930 imo
367 852 459 930 vero
474 834 591 926 illatus
606 831 754 925 corpori
770 832 879 905 dolor
893 833 1041 906 materia
1054 831 1202 910 virtutis
1239 895 1242 906 .

138 934 209 1007 est:
233 933 416 1020 itaque'ne
432 933 467 1003 in
484 934 674 1006 tormentis
691 931 832 1022 quidem
849 929 1028 1009 miserest.
1068 929 1203 1024 Epicu·

136 1053 200 1106 rus
225 1027 522 1130 muitqinrtiun.
554 1029 721 1124 Sapiens,
744 1031 884 1124 inquit,
908 1029 1043 1125 semper
1070 1033 1202 1106 beatur

137 1130 212 1218 est3
241 1131 274 1202 n
300 1131 365 1204 vel.
383 1127 534 1222 inclusus
552 1128 589 1202 in
614 1131 804 1204 Phalaridis
826 1144 935 1206 tauro
953 1133 1046 1206 hanc
1066 1149 1202 1218 vocem

138 1219 298 1328 emittet:
318 1215 443 1302 ¹S‘uave
458 1225 530 1322 est,
555 1229 692 1326 &nihii
706 1249 810 1326 eurr),
849 1231 1040 1330 Quis-enm
1060 1231 1203 1314 nonir.

136 1324 282 1400 riserit?
310 1328 490 1420 Maxime,
518 1331 750 1420 quod-homo
768 1329 994 1421 voluptarius
1011 1327 1203 1426 personam

138 1427 202 1500 fibi
217 1427 286 1502 viri
301 1425 408 1500 fortis
423 1426 605 1522 imposuit,
619 1425 813 1524 ¹&quidem
825 1423 928 1520 snpra
944 1419 1203 1520 modumNon

140 1523 317 1614 enimiieri
330 1525 469 1620 potest,
496 1540 537 1610 ut
551 1527 734 1620 quisquam
752 1526 930 1600 cruciatus
948 1527 1114 1620 corporis
1129 1547 1202 1618 pro

139 1628 390 1718 voluptatibus
407 1625 535 1720 ducat,
563 1646 642 1700 cum
656 1623 740 1720 ,satia
757 1625 798 1699 stt
816 1624 860 1698 ad
880 1621 1036 1716 officium
1051 1623 1202 1718 ,virtutiq

137 1723 374 1820 implendum,
402 1724 561 1818 perferre
578 1745 619 1798 ac
637 1721 816 1800 sustinere.
866 1721 1204 1824 QniddicitiaStoif

139 1823 201 1900 cit
228 1827 325 1926 Quid
343 1840 383 1898 tu
399 1819 579 1916 Epicure?
605 1821 738 1898 Beatus
752 1821 803 1898 est
816 1817 973 1922 sapiens,
999 1823 1204 1920 etiamtum

122 1938 343 2016 torquetur.
396 1922 431 1994 Si
450 1940 600 2018 propter
618 1924 769 2016 gipriam
785 1923 982 2018 patientiae:
1008 1944 1083 1996 non
1106 1921 1204 1998 frua·

140 2037 220 2108 tur,
246 2026 281 2094 in
299 2024 489 2110 tormentis
509 2024 601 2096 enim
615 2021 761 2120 fortasse
775 2024 963 2098 morietur.
996 2019 1032 2096 Si
1049 2025 1202 2116 prnpter

139 2125 364 2197 memoriam:
393 2134 545 2196 autnon
563 2119 712 2210 sentiet,
736 2119 762 2194 sr
782 2121 955 2200 occidunt
971 2121 1115 2214 animm
1138 2135 1203 2198 aut
1288 2181 1295 2194 ,

141 2218 291 2310 sentiet,
318 2218 403 2292 nihil
420 2240 522 2294 exea
539 2215 788 2312 consequetur.
1197 2261 1205 2286 -.

218 2318 309 2417 Quis
328 2339 415 2422 ergo
432 2319 518 2393 alius
534 2317 668 2394 fruetus
686 2319 737 2395 est
754 2321 789 2393 in
805 2317 970 2394 virtute?
998 2339 1074 2411 qnae
1090 2319 1205 2394 beati·

142 2419 232 2494 tudo
253 2417 361 2492 vitaei
389 2434 430 2491 ut
445 2441 549 2511 aequo
565 2421 684 2492 animo
702 2415 903 2492 moriatur?
955 2415 1095 2491 Bonum
1116 2417 1205 2492 mihi
1306 2427 1311 2438 '

144 2516 279 2591 affertis
304 2519 408 2592 unius
433 2519 553 2604 horae,
581 2531 642 2589 aut
664 2513 809 2590 fortaffe
828 2517 1025 2608 momenti,
1053 2531 1205 2608 propter
1265 2553 1273 2586 r

146 2619 245 2708 quod
265 2638 340 2691 non
364 2616 533 2707 expediat
552 2618 588 2689 in
605 2628 685 2687 tota
703 2617 777 2702 vita
798 2613 946 2721 miseriip
967 2615 1001 2688 n
1020 2615 1204 2700 laboribus

146 2711 290 2792 'confici
343 2718 526 2812 Quantum
551 2727 670 2806 antem
697 2716 869 2809 temporis
894 2735 992 2802 mors
1019 2709 1205 2810 oc'cupati

145 2813 222 2908 puae
246 2835 325 2888 cum
348 2814 492 2905 veniat,
517 2827 637 2888 utrum
651 2834 755 2907 aequo
771 2830 833 2887 ant
848 2814 972 2907 iniquo
987 2815 1108 2890 animo
1123 2835 1205 2890 earn

144 2913 313 2992 subieris,
335 2914 407 3005 jam
425 2903 512 2987 nihil
526 2911 649 2989 refert.
703 2916 757 2987 ita
779 2907 842 3009 fit,
868 2929 910 2988 ut
930 2913 1019 2989 nihii
1039 2912 1133 2988 aliud
1151 2911 1206 3000 ,εἰ

145 3014 286 3084 virtute
309 3026 494 3108 captetur,
519 3011 580 3087 nist
607 3014 733 3111 gloria
783 3013 853 3088 Sed
867 3015 944 3088 haec
960 3027 1021 3087 aut
1037 3008 1207 3106 superva-

148 3132 216 3184 cua
240 3114 273 3184 δι
295 3112 417 3186 brevis
436 3112 510 3206 est,
535 3129 597 3186 aut
618 3113 739 3206 pravis
764 3113 947 3190 hominnm
961 3111 1104 3204 iudiciis
1124 3131 1205 3188 non

146 3207 325 3303 sequetur.
377 3211 507 3286 Nullus
530 3213 637 3310 igitur
661 3233 707 3286 ex
731 3213 869 3287 virtute
891 3209 1023 3286 fruitus
1044 3207 1114 3301 est,
1140 3209 1205 3284 nbi

145 3312 263 3384 virtus
288 3314 448 3386 mortalis
471 3311 540 3402 est,
567 3311 602 3386 ἀ
627 3312 771 3412 caduca.
821 3311 876 3386 lta
902 3313 961 3404 qui
986 3310 1063 3385 haec
1088 3305 1205 3384 locuti

144 3406 249 3501 sunt,
270 3409 432 3484 'umbram
448 3407 630 3502 quamdam
648 3411 794 3486 virtutis
810 3411 1004 3492 videbant,
1017 3407 1123 3503 ipsam
1132 3409 1206 3480 vir·

146 3523 263 3584 tutem
279 3532 354 3583 non
369 3511 549 3586 videbant.
600 3505 721 3585 Defixi
739 3511 832 3586 enim
846 3509 993 3584 fuerunt
1007 3510 1043 3582 in
1058 3524 1205 3592 terram,

147 3629 217 3682 nec
241 3612 364 3686 vuitus
383 3609 465 3686 suos
480 3609 518 3686 in
537 3609 647 3686 altum
668 3613 877 3708 erigebant,
902 3623 944 3684 nt
963 3629 1040 3684 eam
1061 3603 1204 3704 peffent

147 3709 299 3799 intueri,
538 3773 540 3778 .

251 3814 331 3904 Qua
354 3809 411 3895 [ese
434 3835 455 3880 a
478 3809 544 3880 caeii
568 3808 739 3902 regimibur
762 3807 946 3900 ostentabat.

146 3906 237 3995 Haec
261 3905 456 4001 causaest,
482 3929 545 3982 cur
565 3911 752 4010 preceptis
773 3928 899 3984 eornm
922 3907 1040 3982 nulius
1064 3906 1205 4010 obtem·
1269 3925 1273 3930 ·

148 4022 272 4108 peret:
300 4009 474 4112 queniam
484 4024 548 4084 aut
561 4007 606 4084 ad
621 4009 711 4112 vitia
725 4007 912 4106 erudiunt,
935 4005 1204 4100 fivolnptatent

194 4101 499 4212 hepnaffomd.
722 4101 761 4181 0
1043 4103 1174 4190 neten·
1302 4195 1315 4224 N
