2825 4709
167 341 244 442 4'06
266 341 400 422 anu.
423 320 688 420 Lucuauuu
711 361 861 420 mutu.
883 340 1124 426 luuntur.

172 521 275 580 caret
289 527 356 599 eo,
383 505 426 578 ad
449 507 546 598 quod
567 507 805 580 cohibendum
824 507 969 579 virtutis
984 503 1064 582 usus
1081 505 1229 581 adhibe·

172 619 243 680 tur.
281 605 355 678 Ubi
369 625 456 776 erfo
472 609 561 679 vitia
577 606 767 695 ueniunt,
792 628 860 680 nec
877 607 1003 678 virtuti
1018 605 1160 696 quidem
1176 609 1229 678 lo-

176 727 242 779 cus
257 703 326 779 est:
350 704 397 778 stc
423 721 440 776 t
461 727 530 778 nec
555 703 714 777 viiioriae
740 707 904 798 quidem,
930 707 990 778 ubi
1008 702 1228 778 adversarius

171 807 294 884 nullus
309 802 370 880 est.
420 803 475 876 Ita
496 801 560 896 fit,
587 820 628 877 ut
646 805 782 878 bonum
802 805 872 878 iine
893 801 1079 877 malo'ess'e
1100 804 1138 874 in
1164 806 1229 876 hae
1276 869 1279 904 ἶ

172 905 252 976 vita
275 924 350 977 non
374 903 486 994 poffit.
537 901 697 979 Affettus
713 906 819 997 igitur
833 903 924 994 quast
944 905 1088 976 ubertas
1104 901 1230 976 estna·

172 1005 296 1078 turaiis
315 1005 538 1077 animoruut-
572 1003 666 1075 Nam
681 1002 773 1075 ficut
787 1003 824 1076 in
840 1004 956 1077 sentes
971 1021 1076 1100 ager,
1102 1004 1164 1093 qui
1181 1001 1231 1074 est
1274 1027 1278 1032 ·

172 1107 302 1178 natura
314 1101 519 1192 fecundus,
546 1104 739 1198 exuberat:
764 1101 812 1176 fic
829 1103 963 1176 animus
980 1102 1153 1192 incultus,
1182 1101 1232 1172 vi·
1277 1103 1278 1108 '

172 1204 234 1274 tiis
257 1199 316 1274 sua
334 1198 462 1292 sponte
483 1199 804 1290 invalescentibus,
830 1202 933 1273 velut
951 1199 1056 1293 spinis
1081 1201 1233 1274 obduci·

171 1309 246 1376 tur.
261 1293 342 1372 'Sed
358 1321 438 1375 cum
454 1321 563 1374 verus
580 1304 699 1374 cultor
712 1296 914 1393 accesserit,
939 1300 1077 1393 statim,
1105 1301 1234 1373 ceden·
1277 1345 1279 1400 J

174 1401 275 1476 tibus
291 1400 410 1492 vitiis,
436 1400 554 1497 fruges
572 1402 714 1474 virtutis
733 1403 909 1476 oriuntur.
1275 1423 1279 1436 ·

248 1499 352 1572 Deua
367 1501 501 1590 itaque,
519 1521 600 1575 cum
615 1501 795 1575 hominem
809 1502 958 1592 primum
975 1495 1143 1593 fingeret,
1157 1498 1232 1572 mi·-

173 1601 278 1674 rabili
286 1600 750 1698 providentiaingeneravit
764 1600 796 1672 ei
812 1601 907 1691 prius
920 1596 998 1671 istas
1013 1599 1119 1671 animi
1137 1619 1233 1671 com·

173 1701 380 1790 motiones,
407 1713 448 1773 ut
461 1698 578 1793 poiiet
594 1715 721 1792 capere
736 1701 928 1789 virtutem,
942 1696 1031 1771 ficut
1047 1713 1147 1770 terra
1162 1699 1231 1770 cul·

174 1811 314 1892 turam3
345 1797 534 1891 posuitque
556 1800 737 1871 materiam
760 1799 935 1871 vitiorum
962 1797 998 1871 in
1019 1795 1231 1886 affatibus,

172 1901 321 1970 virtutis
336 1898 373 1968 in
390 1895 498 1970 vitiis.
543 1899 634 1988 Quae
649 1895 814 1988 ρτοΐεὲὶο
829 1911 891 1986 aut
903 1897 999 1970 nulla
1012 1899 1103 1978 erit,
1129 1898 1232 1967 autin

174 1995 240 2069 usu
263 1994 333 2068 effe
354 2015 430 2067 non
448 1996 608 2088 poterit,
634 1990 789 2069 'fidestnt
805 2017 866 2089 ea,
892 2016 956 2089 per
978 2015 1056 2086 quae
1077 1995 1135 2067 vis
1161 1997 1232 2088 ejus

175 2109 239 2167 aut
254 2106 420 2185 apparet,
447 2107 509 2166 aut
522 2093 672 2171 constat.
712 2096 908 2194 Videamus
923 2115 1032 2186 nune,
1047 2095 1158 2168 iidem
1171 2094 1232 2183 ilii,

176 2194 238 2284 qui
256 2194 344 2265 vitia
359 2192 502 2286 penitus
520 2193 710 2286 excidunt,
735 2195 819 2286 quid
833 2192 1046 2272 effecerint.
1066 2197 1234 2290 Quatuor

175 2293 260 2366 illos
278 2289 447 2386 affetiua,
474 2313 565 2384 quos
583 2315 628 2366 ex
649 2294 824 2388 opinione
838 2295 1020 2369 bonorum
1043 2294 1234 2366 malorum·
1270 2299 1274 2304 ’

177 2413 249 2485 que
264 2392 357 2466 nasei
373 2406 523 2486 putant3
550 2389 676 2484 q'uibus
698 2394 850 2486 evulsas,
874 2390 1064 2466 sanandum
1081 2390 1153 2466 effe
1168 2390 1234 2463 ani·

176 2513 275 2567 mum
294 2489 457 2586 sapientis
476 2491 690 2566 existimant:
717 2493 884 2584 quoniam
901 2493 1107 2587 intelligunt
1130 2490 1236 2562 &na-

177 2605 260 2664 tura
283 2590 405 2664 insitos
432 2588 522 2673 eise,
548 2590 670 2666 &stne
695 2592 751 2668 itis
771 2591 863 2680 nihil
885 2592 1049 2683 moveri,
1074 2591 1163 2663 nihil
1185 2588 1236 2683 agi

178 2688 301 2783 poiie3
329 2689 395 2761 alia
415 2691 632 2782 'quaedam'in
654 2711 780 2766 eorum
805 2685 926 2763 locum
950 2692 1140 2788 vicemque
1163 2687 1237 2780 sup·

177 2799 348 2883 ponunt:
378 2801 420 2860 ut
440 2810 508 2880 pro
534 2790 728 2880 cupiditate
751 2788 964 2862 substituunt
991 2789 1237 2862 voluntatem:

140 2953 146 2962 .
180 2885 383 2976 quasivero
400 2907 475 2958 non
492 2889 607 2960 inuito
624 2889 666 2960 sit
680 2889 922 2981 praestabilius,
937 2890 1073 2960 bonum
1093 2907 1237 2982 cupere,

182 3004 286 3076 quam
302 2985 408 3060 velle.
434 2985 523 3056 item
540 3006 609 3078 pro
625 2988 746 3060 loetitia
761 2990 941 3084 gaudium,
951 3006 1024 3080 ,pro
1040 3000 1142 3060 metu
1161 3006 1239 3058 cau·

180 3085 331 3158 tionem.
370 3083 422 3158 At
435 3084 472 3156 in
487 3085 551 3157 iilo
568 3101 695 3179 quarto
711 3086 917 3160 immutandi
931 3086 1086 3161 nominis
1103 3107 1169 3158 eos
1188 3105 1238 3156 ra·

181 3184 236 3254 tio
254 3182 398 3258 deiecit.
449 3182 572 3275 ltaque
588 3184 829 3281 agritudinem
846 3186 1002 3278 penitus,
1020 3184 1061 3256 id
1074 3184 1139 3277 est,
1158 3204 1239 3258 moev

181 3279 309 3356 stitiam
328 3283 564 3374 doloremque
580 3286 684 3358 animi
702 3285 932 3360 sustulerunt:
959 3285 1057 3375 quod
1078 3281 1158 3358 fieri
1182 3304 1239 3356 ne·

183 3402 356 3473 quaquam
373 3381 501 3476 potest.
554 3384 646 3482 Quis
662 3384 755 3456 enim
774 3384 877 3477 possit
892 3403 969 3457 non
984 3384 1125 3475 dolere,
1143 3382 1168 3456 si
1185 3402 1240 3476 pa·

184 3484 286 3563 triam
304 3494 364 3553 aut
379 3481 578 3574 pestilentia
594 3481 815 3574 exhauserit‚·
839 3496 900 3555 aut
919 3481 1029 3557 hostis
1055 3482 1240 3571 everterit,

116 3585 132 3594 “
185 3595 246 3652 aut
262 3594 434 3669 tyrannus
451 3578 688 3672 opprefferit?
732 3579 855 3654 Potest
870 3582 994 3673 aliquis
1011 3601 1087 3654 non
1102 3582 1239 3669 dolere,

183 3676 210 3753 st
226 3678 392 3756 sublatam
410 3679 541 3754 viderit
555 3681 777 3767 libertatem
804 3681 1040 3775 fiproximos‚
1055 3679 1240 3769 immicos,

183 3777 208 3852 fi
230 3778 350 3850 bonos
363 3780 467 3868 vitot
480 3791 541 3851 aut
554 3782 833 3860 exterminatos,
848 3792 909 3852 aut
925 3779 1153 3855 crudeliffime
1169 3794 1242 3851 tru-

174 3874 352 3951 cidatos?
376 3877 437 3950 nist
452 3877 553 3969 eujus
568 3899 668 3954 mens
681 3878 731 3952 ita
746 3877 986 3970 obstupuerit,
1012 3893 1054 3949 ut
1066 3878 1108 3952 stt
1122 3880 1156 3952 ei
1172 3878 1242 3952 sen·

187 3972 244 4051 sus
264 3977 378 4066 omnia
396 3983 551 4074 ereptus.
603 3980 725 4085 Quare
743 3989 805 4055 aut
826 3980 944 4055 omnia
957 3978 1089 4058 tollere
1111 3978 1243 4051 debue-

302 4109 306 4116 ·
1093 4091 1194 4175 tunt,
