2825 4709
211 379 284 460 3η
307 358 438 440 Fran.
462 355 741 440 Laeranirr
764 375 917 438 prurit.
940 353 1187 436 lucrarer.

202 519 541 614 utquldaffiuebatz
566 521 625 598 sed
641 517 915 614 aliena'quoque
927 520 1133 618 rapiebant,
1157 521 1281 616 in'pri·

214 640 341 696 vatum
357 626 495 698 lucrum
511 624 694 696 trahentes
710 625 850 708 omnim
876 621 1002 713 &qua
1018 637 1123 694 antea
1141 623 1179 694 in
1194 621 1277 695 usus

212 721 399 812 hominurn
415 723 522 796 etiam
537 723 659 818 singuli
675 724 911 812 laborabant,
938 721 974 793 in
996 739 1193 814 paucorum
1213 721 1278 793 do·

213 841 296 898 moa
316 822 607 896 conferebantur.
644 821 697 894 Ut
712 821 805 894 enim
823 819 971 893 servitio
993 836 1144 893 caeteros
1161 820 1278 913 subju·

213 929 361 1018 gerent,
375 921 411 996 in
429 923 547 1014 primia
563 918 753 994 necessaria
769 921 854 992 vitae
868 920 1063 993 subducere
1082 920 1114 991 dt
1132 921 1277 1015 collige·

213 1035 472 1111 recaeperunt,
500 1041 612 1112 eaque
626 1019 776 1092 firmiter
792 1018 960 1092 conclusa
974 1017 1137 1109 servare,
1162 1034 1206 1091 ut
1217 1023 1277 1093 be·

212 1117 347 1198 aeficiat
363 1119 515 1194 eoelestia
530 1119 692 1192 facerent
706 1117 785 1208 susq
816 1139 892 1192 uon
914 1135 1066 1211 propter
1082 1120 1277 1193 humanita·

215 1231 311 1308 tem,
327 1239 404 1308 quae
422 1217 520 1292 nulla
534 1223 570 1294 in
589 1219 667 1311 ipsis
685 1233 782 1301 erat,
807 1217 866 1291 sed
880 1230 922 1290 ut
938 1220 1060 1292 omnia
1072 1219 1277 1311 cupiditatis

216 1315 251 1392 u
269 1319 428 1390 avaritiae
442 1319 673 1394 instrumenta
689 1318 934 1394 corraderent.
960 1319 1074 1414 Leges
1090 1319 1197 1392 etiam
1215 1318 1278 1391 fibi

214 1419 364 1492 nomine
381 1417 601 1510 iniquissimas
619 1417 918 1510 inJulliffimasque
933 1417 1136 1504 sanxerunt,
1146 1420 1276 1510 quibua

213 1517 357 1609 rapinas
375 1516 605 1592 &avaritiam
621 1517 713 1591 suam
724 1533 853 1590 contra
863 1517 936 1591 vim
952 1518 1185 1590 multitudinis
1199 1532 1276 1591 tue·

215 1629 354 1691 rentur.
372 1663 374 1668 -
392 1615 551 1692 Tantum
566 1619 673 1712 igitur
691 1617 906 1707 autoritate,
933 1631 1101 1709 quantum
1122 1618 1275 1710 viribus,

218 1727 282 1788 aut
295 1715 448 1808 opibus,
466 1731 526 1790 aut
539 1717 671 1792 malitia
686 1717 937 1808 praevalebant.
960 1712 1008 1787 Et
1019 1718 1187 1810 quoniam
1198 1718 1276 1788 nul·

215 1811 291 1890 lum
309 1816 414 1888 inhia
431 1815 614 1912 vestigium
627 1814 768 1906 justitiae
783 1815 864 1906 suit,
875 1815 975 1906 cujus
992 1814 1108 1887 officia
1123 1813 1276 1888 sunthu-

216 1915 390 2002 manitas,
417 1917 584 2010 aequitas,
611 1913 872 2006 misericordia,
895 1913 1276 2007 jamsuperbadatumi·

222 2011 268 2086 da
280 2013 749 2110 inequalitategaudebanm
776 2014 993 2105 altioresque
1009 2014 1043 2086 se
1061 2015 1196 2086 caeteris
1211 2013 1278 2085 ho·

217 2111 395 2203 minibus,
422 2113 607 2188 satellitum
625 2111 820 2204 comitatu,
848 2114 1016 2204 efecto,
1043 2115 1276 2210 &insignive-

218 2206 272 2282 lle
287 2208 476 2286 iaciebant.
502 2213 599 2286 Hinc
616 2215 777 2287 honores
796 2214 878 2302 sabi,
904 2213 1144 2307 &purpuraa,
1170 2211 1278 2286 &sas-

219 2328 281 2382 ees
307 2309 549 2405 invenerunt,
574 2326 616 2386 ut
640 2310 813 2386 securium
837 2313 1108 2408 gladiorumque
1133 2327 1276 2384 terrore

220 2401 382 2500 subnixi,
408 2412 500 2500 quasi
523 2413 602 2505 jure
625 2413 850 2484 dominorum
873 2412 1038 2502 perculsis
1058 2435 1099 2483 ac
1115 2414 1276 2503 paventi·

218 2506 288 2580 bus
313 2510 539 2602 imperarent.
589 2512 629 2585 ln
648 2514 714 2584 hac
731 2511 942 2584 conditione
963 2513 1148 2583 humanam
1165 2514 1276 2583 vitam

220 2625 288 2679 rex
304 2609 364 2681 ille
378 2610 586 2700 constituit,
614 2614 673 2701 qui
695 2612 873 2692 debellato
898 2632 939 2683 ac
959 2611 1086 2707 fugato
1108 2627 1277 2704 parente,

219 2725 475 2801 nonregnum,
502 2708 560 2783 sed
574 2710 715 2802 impiam
732 2710 954 2802 tyrannidem
974 2714 1007 2781 vi
1025 2713 1057 2783 dc
1072 2711 1276 2782 hominibus

220 2807 364 2876 armatis
382 2812 597 2897 occupavita
625 2809 657 2880 dc
680 2831 823 2884 aureum
844 2811 931 2884 illud
952 2809 1152 2901 justumque
1172 2808 1276 2880 saecu·

218 2900 291 2976 lum
310 2902 457 2997 sustulit,
476 2910 669 3003 coegitque
684 2910 845 2982 homines
862 2913 973 2982 malos
990 2910 1022 2980 ἃ
1039 2910 1167 3002 impios
1184 2906 1277 3001 fieri,

219 3002 280 3075 vel
298 3022 342 3074 ex
360 3004 432 3076 hoc
447 3003 544 3096 ipso,
572 3008 669 3097 quod
683 3003 777 3099 ipsos
794 3010 927 3082 auertit
944 3028 963 3081 a
979 3009 1062 3081 Deo
1081 3011 1123 3081 ad
1140 3007 1175 3081 se
1191 3010 1276 3081 ado·

216 3098 384 3277 {andum
412 3105 510 3197 quod
525 3119 646 3180 terror
659 3095 926 3183 insolentiffimae
934 3107 1119 3205 potestatis
1137 3107 1276 3202 expres·

233 3216 320 3276 erat.

293 3302 384 3401 Quis
399 3301 492 3378 enim
506 3323 583 3379 non
598 3318 776 3380 metueret
790 3323 889 3400 euru,
917 3325 1021 3399 quem
1043 3325 1137 3380 arma
1155 3309 1273 3404 einge-

218 3394 320 3490 bam,
334 3421 439 3493 quem
456 3404 540 3477 ferri
559 3405 804 3500 &gladiorum
821 3404 940 3504 fulgor
955 3406 1110 3479 insuetus
1126 3413 1276 3484 circum·

217 3497 352 3572 dabat?
385 3516 447 3575 aut
460 3506 517 3576 cui
536 3518 701 3597 parceret
722 3505 860 3597 alieno,
887 3508 946 3597 qui
963 3529 1008 3579 ne
1024 3510 1114 3599 patri
1133 3506 1274 3598 quidem

216 3592 282 3674 suo
298 3597 534 3694 pepercerat?
561 3606 678 3701 Quem
694 3624 787 3676 uero
800 3618 1000 3696 metueret,
1029 3611 1086 3696 qui
1102 3609 1275 3682 'liranum

215 3693 685 3776 robustamuexeellentem
697 3704 832 3775 viribus
850 3718 991 3798 gentem
1006 3706 1102 3778 bello
1121 3710 1275 3792 vicerat,

217 3798 412 3872 occidione
427 3797 639 3875 deleuerat?
666 3803 917 3898 Quidmirum,
944 3805 968 3877 s1
984 3827 1069 3879 omn
1084 3829 1099 3878 s
1114 3810 1275 3882 multitu·

217 3893 289 3982 de,
316 3895 461 3972 insolito
479 3916 578 3975 metu
594 3900 724 3997 prelia,
750 3902 788 3974 in'
806 3905 908 3977 unius
927 3906 1166 3978 adulationem
1188 3929 1275 3982 con·

217 3992 393 4070 cesserat?
417 3999 527 4078 Hunc
542 4002 778 4096 verebantur,
793 4002 877 4076 hnic
890 4005 1069 4082 honorem
1082 4007 1272 4084 maximum

1126 4107 1222 4180 dese-
