2825 4709
149 395 197 479 dn
242 389 378 470 Fran.
402 377 675 467 Lucrinam
694 407 847 467 ornan.
872 369 1114 476 Inaa'rrua.

87 599 89 603 ·
144 567 359 654 pateretur,
386 564 563 627 aratorem
582 552 769 644 quemdam
785 550 919 647 aspexit
933 570 1157 651 operantem,
1167 557 1211 633 ab

134 673 274 747 ¹eoque
288 667 414 746 petere
428 652 556 745 cepit,
579 668 622 742 ut
641 652 705 726 nui
727 672 838 735 unum
862 654 999 728 bovem
1025 657 1210 732 venderet.

147 752 352 832 ¹Enimvero
370 752 429 825 ille
445 752 592 848 negavit
606 749 684 825 fieti
701 749 824 845 polle,
851 752 1211 847 quiaspeosuaomnis

153 849 316 929 colenda
329 850 581 925 terraeduobua
598 852 666 923 illia
676 852 846 945 Juvencio
859 853 1055 928 niteretur.'
1073 853 1214 929 Hercu:

99 991 103 1014 ι
153 955 206 1029 les
226 952 327 1026 solita
344 950 520 1024 violentia
534 948 635 1045 usus,
662 950 744 1041 quia
758 971 869 1024 unum
886 953 1049 1047 accipere
1063 974 1214 1047 nonpo-

152 1056 246 1145 tuit‚
272 1060 464 1143 utrumque
479 1044 628 1126 sustulit.
678 1049 732 1122 At
746 1048 806 1123 ille
822 1049 967 1141 infelix,
995 1073 1076 1126 curn
1095 1055 1214 1127 boves

151 1153 236 1230 suos
245 1150 385 1225 mactari
397 1150 551 1241 videret,
559 1148 722 1240 iniuriam
737 1147 830 1224 suam
846 1148 1036 1224 maledictis
1048 1152 1214 1228 ultusest.

152 1252 267 1352 Quod
283 1250 419 1323 homini
435 1249 588 1344 eleganti
599 1249 779 1321 &urbano
789 1248 1098 1346 gracillimumfuit.
1117 1251 1234 1328 Nam·

153 1353 240 1427 duna
261 1350 454 1423 comitibus
475 1346 542 1421 suis
564 1348 686 1442 epulas
710 1353 875 1442 apparat3
898 1349 1054 1441 'dumque
1073 1352 1211 1426 alienos

151 1452 272 1526 boves
289 1449 457 1544 devorat,
469 1445 635 1522 illumlibi
645 1446 1117 1541 amariffimecnnvitiantem
1132 1473 1214 1527 cam

150 1549 223 1625 risu
239 1550 273 1623 da
288 1548 468 1635 cachinnis
484 1547 659 1621 audiebat
709 1544 780 1620 Sed
795 1546 980 1641 postquam
997 1549 1144 1624 Herculi
1162 1552 1214 1623 di-

151 1650 264 1726 vinos
280 1650 440 1723 honores
459 1649 509 1721 ob
532 1646 803 1721 admirationem
825 1647 970 1722 virtutis
994 1648 1126 1723 deierri
1141 1652 1213 1743 pla·

151 1751 254 1842 cuit,v
280 1770 306 1821 a
315 1747 455 1821 civibus
470 1746 504 1819 ei
520 1764 579 1817 ara
594 1744 708 1837 polita
724 1744 788 1837 est,
805 1746 971 1837 quamde
985 1746 1080 1821 facio
1099 1744 1212 1849 βεζυ.

152 1846 447 1947 poa-nominavit,
461 1843 624 1936 adquam
639 1842 713 1916 duo
724 1842 834 1936 juniii
853 1846 971 1920 boves
986 1847 1212 1923 immoliren·

150 1964 236 2031 tur,
261 1946 351 2021 licut
365 1944 430 2037 illi,
447 1963 541 2035 quos
555 1941 911 2033 abstulerataratoria
938 1968 1090 2039 eumque
1102 1947 1214 2041 ipsum

150 2049 217 2124 libi
232 2041 671 2136 constituitsacerdotem,
699 2046 938 2138 acpraec'apit‚
962 2046 1133 2122 utiisdem
1141 2071 1213 2123 ma·

151 2142 290 2222 leditiic
305 2140 442 2238 semper
454 2142 493 2216 in
508 2139 729 2216 celebrandis
745 2137 923 2218 sacrificiis
935 2149 1214 2240 uteretur‚quod

152 2257 303 2344 negaret
318 2246 354 2319 se
370 2262 524 2336 unquam
541 2241 723 2334 epulatum
737 2241 806 2316 esse
817 2243 1021 2336 jucundius,
1039 2246 1128 2320 Haec
1140 2249 1214 2340 jam

152 2367 233 2421 non
250 2346 350 2417 lacta
371 2337 471 2434 sunt,
497 2337 556 2415 'sed
573 2340 772 2438 sacrilegia,
796 2342 833 2415 in
858 2344 983 2435 quibus
1004 2344 1046 2417 id
1061 2345 1215 2422 sonuum

154 2447 309 2540 dicitur,
336 2443 434 2536 quod
449 2446 485 2514 in
502 2443 599 2534 aliis,
613 2442 639 2515 fi
653 2436 736 2533 fiat,
763 2442 869 2515 etiam
879 2440 1087 2519 seuerillhrie
1099 2448 1214 2519 vindi·

155 2563 268 2621 catur.
318 2542 427 2637 lpsrus
451 2557 570 2614 autem
591 2538 727 2613 Cretici
752 2541 857 2637 Jovis
877 2540 973 2616 sacra
995 2544 1078 2635 quid
1104 2546 1213 2641 aliud,

156 2666 263 2739 quam
278 2641 466 2733 quomodo
484 2641 526 2713 srt
542 2654 604 2714 aut
618 2638 811 2713 subtractus
827 2642 938 2735 patri,
965 2658 1026 2715 aut
1042 2647 1212 2738 nutritus,

156 2740 375 2818 ostendunt?
402 2739 546 2832 Capella
562 2737 613 2812 est
626 2736 826 2814 Amaltheae
841 2742 1027 2838 nymphae,
1044 2746 1214 2834 quaeube-

96 2870 98 2875 ·
156 2846 255 2916 ribus
273 2838 340 2913 suis
358 2840 445 2912 aluit
462 2838 656 2929 infantem3
683 2838 728 2914 de
739 2860 807 2933 qua
816 2839 1047 2916 Germanicus
1057 2842 1168 2919 Cesar
1175 2845 1213 2923 in

155 2940 304 3017 Arataeo
319 2940 474 3014 carmine
488 2938 535 3011 fic
551 2939 617 3012 ait:

233 3053 237 3068 '
664 3040 727 3113 Illa
748 3055 890 3138 paratur
1065 3111 1068 3122 ,

171 3155 175 3164 “
257 3144 388 3215 Nutrix
412 3137 468 3231 affe
493 3134 666 3236 Jovis3fi
689 3166 764 3212 vera
792 3143 946 3237 Juppirer
969 3140 1082 3233 insana

264 3244 367 3313 Ubera
380 3241 520 3311 'Cretan
544 3238 647 3334 malfia
664 3238 817 3333 fidfflma
843 3259 952 3336 capra,

255 3344 364 3412 Sidera
382 3362 448 3436 qua
470 3340 552 3409 claro
571 3356 700 3431 gratum
725 3342 858 3437 restatur
881 3342 1058 3414 damnum.

154 3444 272 3538 Hujus
289 3440 432 3533 capellae
447 3438 552 3510 corio
569 3434 667 3512 usura
685 3435 755 3511 ess'e
771 3460 839 3531 pro
856 3433 958 3511 scuto
976 3439 1107 3534 Jovem
1126 3456 1214 3512 con·

150 3557 212 3617 -tta
233 3542 381 3612 Titanas
402 3538 649 3627 dimicantem,
675 3536 828 3611 Musaeus
847 3551 954 3609 autor
973 3538 1040 3612 est:
1072 3538 1166 3610 unde
1191 3558 1213 3611 a

152 3644 275 3737 poetis
294 3636 452 3732 ἐιγιοχος
467 3635 694 3710 nominatam.-
708 3637 762 3709 lta
777 3638 946 3729 quidquid
964 3637 1015 3711 est
1031 3636 1164 3734 gestum
1173 3638 1213 3709 in

155 3739 408 3815 abscondendo
425 3755 571 3828 puero,
603 3734 639 3811 id
659 3732 769 3827 ipsum
790 3758 854 3829 per
872 3737 1057 3833 imaginem
1075 3738 1211 3831 geritur

154 3839 316 3916 insacrts.
340 3836 413 3909 Sed
431 3833 599 3908 &matris
615 3833 691 3924 ejus
704 3835 916 3928 mysterium
928 3836 1212 3931 idemcontinet,

156 3942 255 4035 quod
276 3936 431 4011 Ovidius
453 3933 604 4025 exponit
622 3933 659 4005 in
676 3932 808 4008 Fastis:

255 4040 366 4113 Ardua
385 4034 591 4133 jamdudum
617 4033 740 4123 resonat
763 4034 943 4108 tinnitibus
970 4033 1043 4122 Ides

238 4137 241 4143 ’
307 4137 417 4214 Tartar
441 4148 480 4214 ut
502 4130 634 4229 instrati
656 4139 769 4233 vagiat
791 4160 842 4213 cre
862 4154 956 4233 patr.
1079 4234 1107 4310 Ρ

328 4258 330 4261 ·
443 4289 446 4296 -
1105 4255 1160 4309 are
