2825 4709
210 412 262 481 44
289 386 440 463 fsrrrc
465 381 733 476 Lucr'rnrrr
758 401 909 463 orovru.
931 367 1183 463 remrein·

160 607 162 612 .
213 547 364 624 circo&
382 545 481 641 quod
500 546 647 632 videbat
657 559 812 626 matrem
832 558 939 638 atque
949 541 1089 620 sorores
1098 544 1176 630 suas,
1186 568 1273 643 ope-

175 740 182 748 μ
210 670 288 724 ram
304 643 462 741 da're,²ut
472 644 644 720 Saturnus
659 655 852 742 regnaret,
864 645 1033 727 concedit
1046 646 1091 731 ei,
1104 662 1145 718 ut
1154 651 1183 721 is
1194 665 1272 747 rege

211 761 326 825 naret.
351 746 476 840 Itaque
493 746 621 842 paetus,
635 746 687 820 est
707 767 788 830 cum
802 745 978 838 Saturno,
993 745 1046 817 uti
1061 745 1170 839 siquid
1184 742 1272 822 libe'-

211 870 290 923 rum
303 846 414 925 virilis
428 845 529 920 sexus
543 848 575 920 ei
588 859 712 925 natum
726 843 824 939 esset,
845 867 892 920 ne
905 845 1086 927 educarat.
1135 843 1175 919 ld
1193 849 1270 940 ejus

211 949 266 1021 rei
291 945 391 1021 causa
411 943 527 1038 lecit,
556 947 611 1019 uti
633 945 677 1019 ad
702 943 783 1026 suos
802 962 931 1043 gnatos
956 947 1105 1041 regnum
1126 946 1274 1028 rediret,

179 1031 193 1074 ⁸
210 1044 469 1122 Ttt‘mSaturno
479 1041 587 1137 filius,
604 1048 663 1137 qui
677 1045 811 1138 primus
828 1058 932 1117 natur
947 1043 1106 1144 esu-eum
1119 1065 1274 1124 necavea

211 1160 309 1221 runt.
335 1143 477 1220 Deinde
489 1144 665 1237 posterius
678 1145 752 1230 nati
762 1143 846 1232 ,fimi
860 1144 1005 1248 gemini,
1017 1143 1156 1238 Jupiter
1164 1159 1275 1238 atque

173 1330 177 1337 .
210 1248 320 1344 Juno.
350 1243 447 1318 Tum
462 1243 642 1339 Junonem
661 1242 819 1317 Saturno
832 1246 867 1318 in
883 1241 1107 1336 conspectum
1126 1244 1272 1338 dedere,

210 1359 320 1438 atque
337 1344 470 1441 Jovem
491 1344 580 1417 clam
600 1341 848 1438 abscondunt,
880 1343 1037 1433 dantque
1054 1363 1136 1416 eum
1150 1344 1273 1422 Veste
1312 1402 1316 1406 ,

210 1445 447 1537 educandum,
462 1444 619 1517 celantes
627 1443 832 1520 Saturnum.
858 1441 950 1515 Item
958 1438 1170 1534 Neptunum
1180 1448 1274 1519 clam

211 1544 368 1618 Saturno
385 1540 463 1637 Ops
482 1544 595 1636 parit,
622 1563 774 1634 eumque
790 1544 989 1627 clanculum
1004 1540 1197 1617 abscondit.
1212 1541 1274 1621 Ad

211 1644 376 1718 eumdem
389 1639 536 1716 modum
548 1642 660 1715 te'rtio
673 1657 777 1732 partu
791 1640 871 1734 Ops
889 1644 982 1731 parit
1000 1643 1176 1735 geminos,
1191 1641 1275 1715 Plu-1

210 1756 336 1821 tonem
350 1743 384 1815 δι
400 1740 584 1815 Glaucam
612 1740 719 1814 Pluto
734 1741 844 1814 latine
862 1740 912 1823 est
928 1739 1115 1832 Dispater:
1131 1743 1186 1814 alii
1199 1739 1271 1813 Or«

209 1863 293 1916 eum
310 1857 459 1915 vocant.
511 1839 566 1913 lbi
581 1839 754 1924 Glaucam
766 1836 874 1922 filiam
888 1838 1043 1923 Saturno
1060 1839 1270 1936 ostendunt,

209 1963 253 2018 ac
266 1936 379 2016 filium
394 1938 584 2037 Plutonem
602 1941 842 2032 celant-atque
858 1937 1090 2015 abscondunt.
1124 1935 1273 2027 Deinde

211 2041 348 2113 Glauca
360 2058 473 2135 parva
488 2040 673 2118 emoritur.
700 2039 813 2132 Haec',
834 2049 876 2123 ut
893 2038 1023 2132 scripta
1038 2036 1144 2139 sunt,
1163 2039 1274 2134 Jovle

208 2139 432 2232 fratrumque
442 2139 520 2230 ejus
534 2137 639 2237 stirps
654 2153 761 2232 atque
779 2140 950 2236 cognatio
961 2139 997 2211 in
1012 2139 1271 2225 hundmodom

210 2259 258 2315 ex
273 2238 369 2312 sacra
385 2237 579 2331 scriptione
593 2237 699 2311 nobis
712 2232 844 2311 ‘tradita
863 2237 938 2317 est.¹
960 2235 1049 2334 Item
1062 2240 1170 2334 paulo
1189 2240 1274 2332 post

208 2338 291 2412 haec
307 2338 428 2413 insert.
454 2336 598 2410 Deinde
609 2337 735 2428 Titan,
746 2336 931 2431 postquam
942 2335 1100 2427 rescivit,
1115 2331 1273 2430 Saturno

208 2430 306 2513 filios
321 2452 550 2531 proc-reatos,
560 2451 596 2522 rt
621 2458 666 2510 ue
680 2437 855 2516 educator
871 2434 939 2510 esse
958 2434 1206 2536 clam,seduci‚t
1218 2439 1269 2514 se·

121 2539 124 2543 ’
210 2558 293 2613 cum
306 2534 401 2609 filios
421 2534 516 2628 suos,
526 2537 585 2629 qui
639 2537 726 2609 itani
741 2551 934 2629 uocantur,
944 2535 1160 2628 fratremque
1170 2535 1272 2615 fuum

108 2699 110 2704 .
208 2632 400 2710 Saturnum
417 2650 524 2732 atque
539 2635 658 2732 Opem
674 2636 973 2733 comprehendit,
999 2656 1137 2732 eosque
1161 2659 1270 2725 muro

208 2736 439 2829 circumegit,
468 2735 712 2807 &custodiam
732 2736 785 2807 his
805 2736 966 2829 apponit.
1175 2805 1178 2810 .

282 2834 371 2906 Haec
388 2832 535 2907 historia
552 2855 655 2925 quam
676 2856 763 2919 vera
781 2834 846 2928 fit,
883 2836 1002 2924 doc-et,
1017 2834 1152 2927 Sibylla
1175 2830 1268 2927 Ery-

207 2932 340 3025 thraea,
366 2931 490 3007 eadem
510 2933 587 3005 sere
606 2932 748 3022 dicens;
774 2934 837 3024 nisi
853 2933 951 3027 quod
965 2934 1000 3008 in
1019 2936 1165 3027 paucis,
1186 2957 1267 3026 quae

208 3031 346 3106 adrem
362 3033 658 3126 non-pertinent,
680 3032 863 3128 discrepet.
889 3034 1024 3127 Jupiter
1041 3050 1127 3129 ergo
1141 3034 1270 3107 libera-

207 3144 268 3204 tur
285 3129 404 3205 summi
421 3129 561 3204 sceleris
579 3131 740 3224 crimine,
758 3132 1268 3225 qnodpatremvinxiffecom-

207 3231 358 3325 pedibus
372 3231 599 3329 perhibetur:
624 3231 1148 3327 idenimTitanpatruussecit,
1167 3234 1267 3322 quod

206 3331 268 3428 ille
287 3328 569 3422 contrapadum
583 3332 712 3423 jusque
723 3331 912 3424 jurandum
930 3350 1043 3415 mater
1059 3333 1194 3405 liberos
1213 3330 1265 3408 su-

204 3427 362 3510 stuliffet.
388 3429 538 3520 Reliqua
551 3428 695 3503 historia
710 3430 757 3504 sic
771 3429 997 3504 contexitur:
1016 3429 1149 3526 Jovem
1166 3430 1262 3500 adul-

205 3543 304 3620 tum,
321 3548 402 3602 cum
418 3526 564 3602 audisset
576 3545 713 3624 patrem
724 3541 836 3621 ¹atque
851 3543 1000 3602 matrem
1017 3528 1182 3602 custodiis
1194 3527 1263 3599 cir·

208 3627 436 3722 conseptos,
462 3645 569 3719 atque
582 3628 619 3700 in
638 3627 1003 3721 vincula'conjeuos,
1024 3627 1165 3701 ivenisse
1180 3646 1262 3701 cum

157 3740 159 3745 ’
206 3748 333 3825 magna
352 3724 571 3812 Cretensium
586 3726 1095 3820 multitudine,{Titanumque
1108 3746 1149 3798 ac
1164 3720 1261 3797 filios

206 3828 284 3917 eius
299 3828 490 3921 pugnando
506 3824 638 3911 vicisse,
648 3841 815 3917 parentes
826 3827 978 3899 vinculis'
988 3823 1261 3917 exemiffepatri

205 3931 353 4021 regnor
363 3924 561 4017 reddidisse,
571 3938 677 4014 atque
690 3926 741 3997 ita
755 3928 791 4000 in
805 3924 948 4000 Cretam
964 3922 1148 3998 remeasse:
1176 3923 1262 3997 Post

206 4023 418 4100 haecdeinde
433 4024 588 4102 Saturno
602 4024 719 4104 datam
732 4024 878 4123 sortem,
887 4042 929 4099 ut
939 4041 1155 4118 cavereune
1167 4020 1263 4097 silius

1129 4143 1211 4197 eum
