2825 4709
170 373 249 463 4²⁶
267 367 397 448 F-rmr.
418 371 700 510 ,Lueriam
725 379 878 452 rivin.
902 325 1154 456 rnsnru'r'.

168 546 321 630 petunt,
339 535 399 627 qui
416 536 585 632 turpari,
605 549 648 609 ut
663 535 819 631 pecudes
826 589 842 634 ,Ι
864 535 1050 626 serviunt;
1077 537 1140 612 sed
1156 557 1233 629 per·

168 648 305 729 petua,
341 633 373 707 dr
399 634 470 710 stne
496 635 565 708 ulla
587 633 839 726 intermistione
859 636 1052 712 delectans.
1118 634 1229 730 Cujus

169 734 342 808 terminos
362 733 385 808 fi
407 736 484 827 quis
502 733 709 827 excesserit,
736 736 895 827 nihilque
912 738 1007 810 aliud
1025 758 1075 809 ex
1098 739 1229 830 volup·
1265 757 1267 816 t

119 861 128 876 *
168 846 245 906 tate
270 834 442 927 petierit,
476 832 538 907 niii
563 833 669 929 ipsam
697 837 949 929 voluptatema
983 837 1045 910 hic
1072 852 1228 910 mortem

164 934 388 1025 meditatur,
421 934 502 1025 quia
526 931 617 1007 srcut
642 934 719 1007 vita
739 951 912 1028 perpetua
933 938 970 1009 in
999 936 1146 1008 virtute
1166 935 1228 1029 est,

120 1104 136 1117 ,,
167 1033 219 1107 ita
236 1053 333 1106 mors
349 1036 384 1105 in
399 1034 602 1125 voluptate.
661 1035 734 1132 Qui
752 1036 845 1107 enim
866 1037 1081 1131 temporalia
1097 1039 1229 1109 malue-

166 1133 236 1224 rit,
264 1134 401 1205 carebit
424 1133 587 1222 aternis3
624 1134 685 1227 qui
707 1147 852 1210 terrena
872 1137 1098 1232 praetulerit,
1126 1136 1229 1211 coele·

167 1230 231 1309 stia
247 1253 324 1306 non
339 1233 495 1308 habebit.

466 1494 498 1569 C
521 1495 558 1571 A
582 1496 609 1571 P
632 1497 672 1571 U
694 1495 732 1572 T
780 1494 918 1571 XXII.
1143 1581 1147 1588 Ι

363 1633 417 1703 De
440 1634 568 1730 Saporis
591 1631 631 1710 ὅ
657 1635 771 1705 Oderit
795 1632 1023 1730 vuluptatibus.

167 1789 266 1975 Ad
288 1792 498 1887 voluptates
523 1807 641 1867 autem
663 1791 796 1887 saporis
819 1792 853 1866 dr
878 1792 1028 1883 odoris,
1065 1790 1130 1883 qui
1154 1788 1224 1862 duo

267 1889 383 1966 sensus
398 1890 441 1961 ad
455 1888 567 1990 solum
582 1912 715 1983 corpus
732 1894 935 1986 pertinent,
954 1891 1045 1966 nibil
1058 1890 1112 1964 est
1129 1886 1226 1979 quod

167 2014 188 2066 a
205 1991 311 2064 nobis
329 1988 543 2081 disputetur3
568 1991 632 2064 nisa
650 1991 748 2066 forte
763 1994 840 2083 quis
857 1992 969 2086 exigit
989 2004 1032 2063 ut
1052 1990 1224 2078 dicamus,

166 2103 272 2183 turpe
289 2087 357 2168 erse
371 2086 517 2181 sapienti
533 2111 575 2164 ac
587 2092 711 2181 bono,
737 2091 762 2164 sr
779 2092 897 2165 ventri
914 2092 947 2164 dr
964 2092 1056 2186 gulae
1073 2087 1225 2173 serviata

165 2187 192 2272 sr
212 2188 403 2285 unguentis
423 2190 582 2283 oblitus,
608 2209 649 2263 ac
669 2190 820 2267 floribus
839 2204 1038 2270 coronatus
1060 2186 1225 2262 incedat:

168 2308 246 2380 qua
268 2288 328 2380 qui
349 2287 457 2379 iacit,
492 2291 617 2382 utique
638 2289 830 2382 insipiens,
863 2290 1027 2382 ineptus,
1063 2287 1098 2360 dr
1124 2283 1223 2361 nihili

168 2387 238 2477 est,
263 2388 415 2477 &quem
430 2410 476 2460 ne
489 2390 584 2462 odor
598 2389 739 2482 quidem
757 2390 899 2461 virtutis
913 2387 1083 2483 attigerit
1138 2386 1222 2460 For·

166 2486 252 2560 taffe
265 2490 434 2581 quispiam
452 2487 597 2562 dixerit:
624 2488 697 2560 Cur
715 2510 802 2584 ergo
816 2490 874 2561 ilia
890 2486 978 2562 faita
990 2486 1092 2578 sunt,
1111 2488 1174 2559 nist
1186 2498 1223 2555 ut

167 2587 209 2660 iis
228 2587 410 2660 fruamur?
443 2585 589 2664 Atenim
605 2588 676 2679 jam
697 2588 930 2681 saepedictum
948 2584 1017 2667 est,
1047 2588 1224 2659 virtutem

167 2690 299 2759 nullam
324 2687 479 2759 futuram
508 2688 637 2779 fuisse,
671 2688 733 2761 nisi
759 2690 907 2761 haberet
937 2709 1012 2779 quae
1043 2688 1223 2779 opprime·

168 2799 235 2860 rat.
287 2786 412 2876 ltaque
430 2785 517 2859 fecit
538 2790 657 2861 omnia
670 2788 771 2861 Deus
788 2788 830 2860 ad
846 2786 1089 2860 instruendum
1111 2800 1222 2858 certa·

167 2906 248 2959 rnen
273 2905 390 2959 rerum
415 2885 572 2961 duarum.
624 2886 723 2982 Ergo
753 2890 930 2960 illecebrat
954 2885 1025 2958 istae
1054 2888 1221 2978 volupta-

168 3000 245 3057 tum
261 3004 354 3060 arma
373 2982 570 3078 inutilius,
586 2989 684 3079 cujus
702 3008 794 3081 opus
811 3008 921 3059 unum
935 2985 999 3074 est,
1015 3005 1221 3079 expugnare

167 3088 360 3166 virtutem,
376 3083 613 3178 justitiamque
630 3089 673 3176 ab
691 3086 894 3161 hominibus
914 3084 1120 3173 excludere.
1160 3085 1221 3156 Hir

167 3184 416 3258 blandimentis
453 3185 486 3258 &
517 3185 748 3259 suavitatibus
783 3186 904 3259 titillat
936 3183 1080 3257 animas.
1149 3183 1222 3256 Scit

168 3286 283 3370 enim,
307 3285 387 3374 quia
401 3286 526 3357 mortis
546 3285 596 3359 est
613 3285 819 3359 fabricatrix
839 3286 1017 3376 voluptas.
1070 3282 1171 3355 Nam
1185 3282 1221 3355 sr-

164 3400 231 3476 cut
248 3383 347 3454 Deus
370 3385 549 3459 bominem
572 3387 615 3457 ad
640 3385 771 3477 vitam,
797 3385 948 3457 nonnisi
966 3403 1030 3477 per
1046 3383 1221 3456 virtutem

167 3505 210 3555 ac
225 3483 385 3556 laborem
403 3499 533 3556 vocat:
560 3486 610 3558 ita
626 3486 687 3557 illc
706 3484 750 3556 ad
767 3499 921 3558 mortem
936 3503 1000 3575 per
1017 3482 1165 3555 delicias
1182 3502 1220 3555 ac

108 3623 110 3633 ·
167 3584 404 3676 voluptates3
439 3584 586 3657 &ficut
610 3584 654 3656 ad
680 3604 806 3656 verum
829 3584 965 3656 bonum
991 3602 1055 3675 per
1081 3581 1220 3654 fallacia

167 3682 279 3775 mala,
305 3682 351 3754 fic
375 3683 418 3755 ad
442 3704 568 3756 verum
590 3685 718 3778 malum
743 3703 806 3775 per
823 3682 959 3755 fallacia
974 3683 1070 3754 bona
1091 3703 1220 3775 perve-

165 3784 275 3859 nitur.
303 3778 472 3854 Cavenda
486 3780 565 3855 sunt
576 3780 951 3879 igituroblediamenta
964 3779 1039 3872 ista,
1051 3794 1220 3873 tanquam

165 3880 283 3974 laquei
300 3879 333 3952 dr
350 3884 478 3978 plagata
505 3906 552 3957 ne
567 3879 828 3956 suavitudinum
846 3881 996 3953 mollitie
1012 3882 1133 3976 capti,
1159 3882 1218 3954 sub

166 3982 339 4055 ditionem
363 3984 490 4055 mortis
517 4004 600 4057 cum
626 3980 704 4079 ipso
726 4002 884 4077 corpore
905 3980 1128 4079 redigamur,
1163 3983 1219 4057 cui

167 4099 238 4155 nos
253 4081 542 4175 mancipavimus.
694 4149 699 4170 ὲ
1088 4118 1169 4192 CA,
