2825 4709
217 367 293 462 4⁶⁶
316 341 739 444 ranunculum
763 379 914 436 navtur.
936 355 1186 444 lurrrrur.

541 628 574 706 C
596 627 634 704 A
656 629 685 705 P
708 625 747 704 U
770 629 808 705 T
857 631 951 708 vll.
1013 705 1015 710 .

310 759 364 834 De
384 753 638 853 Philosophorum
655 757 835 843 uarietate,
861 776 1026 874 carumque
1042 757 1202 832 unitata.

167 921 173 932 ‘
315 915 574 994 uamsummam
588 910 885 1010 quiaphilosophi
898 934 976 988 nun
993 915 1284 1009 comprehende·

340 1034 445 1108 runt,
459 1035 526 1089 nec
539 1015 730 1088 veritatem
744 1013 1050 1106 comprehendere
1063 1031 1284 1113 potuerunt,

180 1199 184 1216 ¹
222 1121 385 1215 quamvis
401 1138 443 1190 ea
454 1116 552 1207 fere,
574 1114 701 1206 quibus
718 1109 848 1187 summa
864 1110 935 1206 ipsa
949 1112 1113 1195 constat.
1133 1117 1170 1190 dt
1185 1118 1284 1192 vide·

219 1224 319 1310 rint,
345 1218 380 1291 dt
400 1213 671 1308 explicaverint.
721 1210 791 1286 Sed
812 1212 966 1307 diverfi,
993 1233 1036 1286 ac
1058 1214 1205 1291 diverse
1226 1220 1284 1293 illa

221 1320 344 1397 omnia
366 1317 617 1412 protulerunt,
647 1332 725 1387 non
746 1309 975 1387 annectentea
995 1332 1065 1387 nec
1090 1314 1216 1393 causae
1233 1340 1283 1393 re·

219 1441 324 1514 narn,
349 1438 418 1492 nec
435 1412 732 1506 consequentias,
759 1414 1021 1508 mentiones,
1053 1427 1095 1486 ut
1109 1414 1279 1494 stunmam

218 1522 337 1611 illam,
364 1538 442 1610 quae
463 1515 628 1588 continet
649 1511 838 1605 uniuersa,
864 1511 1220 1611 &compingerent,
1244 1517 1276 1590 dr

218 1620 420 1712 implerent
470 1613 591 1688 Facile
602 1611 654 1686 est
668 1625 785 1685 autem
801 1612 953 1705 doceoe,
968 1633 1064 1705 pene
1078 1615 1278 1694 universam

219 1720 412 1794 veritatem
426 1735 490 1810 per
505 1710 740 1807 philosophos
754 1709 905 1786 &sellas
919 1709 989 1785 elie
1000 1712 1165 1792 divisam.
1190 1715 1275 1791 Non

219 1821 316 1894 eninr
331 1816 379 1891 lic
395 1812 654 1912 philosophiam
676 1831 746 1884 nos
766 1812 980 1905 evertimus,
1006 1826 1050 1885 ut
1065 1811 1276 1891 Academici

110 1909 114 1923 ’
218 1918 357 2009 solent,
385 1914 512 2007 quibus
535 1911 578 1985 ad
596 1910 717 1984 omnia
734 1908 949 2004 respondere
963 1912 1197 2006 propolitum
1214 1916 1273 2010 eil,

219 2017 320 2112 quod
341 2013 392 2088 est
409 2015 530 2106 potius
547 2011 752 2084 calumniari
770 2010 984 2094 &illuderet
1010 2009 1070 2085 sed
1087 2010 1272 2108 docemus,

217 2118 351 2193 nullam
371 2110 496 2185 sellam
513 2108 614 2184 fuiffe
625 2127 699 2184 tam
713 2109 874 2204 deviam,
892 2132 961 2185 nec
974 2110 1272 2207 philosophorum

218 2234 431 2311 quemquam
457 2227 530 2285 tam
550 2210 714 2301 inanem,
738 2211 891 2301 quinon
914 2209 1046 2306 viderit
1069 2213 1208 2305 aliquid
1231 2233 1272 2289 ex

217 2335 325 2400 uero.
374 2310 443 2385 Sed
461 2312 544 2385 dum
556 2308 826 2404 contradicendi
841 2309 956 2383 studio
968 2308 1174 2406 insaniunt,
1194 2313 1271 2387 dum
1313 2295 1316 2374 i

218 2414 279 2490 sua
292 2415 398 2487 etiarn
410 2408 494 2486 falsa
508 2409 726 2489 defendunt,
742 2410 892 2483 aliorum
905 2410 1012 2483 etiam
1025 2431 1116 2484 vera
1128 2410 1272 2487 subver-

218 2528 324 2606 tunt,
355 2529 432 2599 non
459 2525 597 2584 tantum
618 2506 733 2603 elapsa
752 2508 822 2582 illis
846 2510 980 2583 veritae
1000 2508 1072 2602 est,
1110 2532 1220 2601 quam
1242 2510 1273 2587 se

163 2639 170 2658 1¹
218 2631 378 2708 querere
391 2609 616 2685 fimulabantt
643 2606 701 2682 sed
724 2608 786 2701 ipli
807 2629 883 2682 eam
901 2609 1116 2701 potillimum
1136 2609 1203 2685 suo
1223 2613 1273 2686 vi·

217 2719 273 2787 tio
288 2710 531 2807 perdiderunt.
581 2706 731 2807 Quodsr
747 2705 916 2800 extitisset
928 2711 1074 2799 aliquis,
1100 2712 1164 2802 qui
1182 2712 1273 2785 veri·
1315 2775 1316 2792 ,

216 2826 329 2888 tatem
352 2806 499 2903 sparsam
522 2828 588 2901 per
610 2806 788 2901 fingulos,
820 2829 885 2901 per
908 2807 1085 2900 sellaeque
1110 2808 1273 2887 diffusam

201 2911 408 3008 »colligeret
427 2909 463 2981 in
480 2928 610 2999 unum,
639 2926 682 2979 ac
698 2906 876 3003 redigeret
892 2909 929 2981 in
948 2927 1106 3001 corpur,
1137 2910 1170 2982 is
1190 2929 1273 3004 pro·
1313 2879 1317 2984 i

215 3009 315 3090 retro
331 3027 408 3084 non
428 3005 623 3081 dllientiret
636 3026 655 3080 a
668 3006 787 3081 nobis.
838 3004 907 3079 Sed
920 3007 993 3082 hoc
1005 3026 1115 3081 nemo
1131 3007 1272 3104 iacere,
1314 3061 1317 3076 .

214 3111 280 3187 nisa
296 3109 374 3184 veri
387 3109 522 3202 peritus
538 3125 579 3179 ac
592 3106 703 3179 sciens
719 3103 848 3198 potest.
889 3105 1025 3180 Verum
1044 3120 1168 3198 autem
1184 3105 1274 3186 scire
1314 3139 1317 3220 l

215 3232 294 3287 non
308 3208 370 3283 nisa
386 3208 461 3299 eiua
478 3205 547 3293 est,
574 3205 634 3297 qui
648 3203 690 3276 fit
704 3204 829 3279 dolius
844 3226 863 3277 a
877 3204 973 3280 Deo.
1025 3203 1159 3297 Neque
1176 3212 1273 3284 enim
1316 3237 1317 3242 ¹

215 3308 336 3407 potest
352 3308 455 3382 aliter
470 3304 654 3399 repudiare
667 3324 745 3394 quae
761 3303 846 3378 falsa
862 3302 959 3397 sunt,
977 3306 1113 3402 eligere
1126 3326 1172 3379 ac
1187 3327 1271 3401 pru·

132 3427 140 3464 ¹
216 3411 304 3488 bare
320 3428 398 3500 quae
415 3426 521 3479 vera.-
546 3403 604 3479 sed
621 3406 644 3479 ir
660 3405 720 3475 vel
737 3401 817 3477 casu
828 3403 864 3477 id
880 3401 1056 3497 efficeret,
1083 3405 1271 3482 certiffime

214 3506 548 3610 philosopharetur3
575 3504 783 3597 &quamvis
797 3524 872 3576 non
893 3502 1009 3597 pollet
1027 3504 1162 3578 divinis
1176 3504 1270 3582 testi·

213 3609 344 3692 moniis
359 3608 418 3679 illa
431 3604 623 3679 defendere
631 3609 650 3697 '„
662 3615 781 3676 tamen
797 3601 832 3676 se
846 3602 919 3695 ipsa
933 3604 1068 3680 veritas
1079 3602 1272 3680 illustraret

213 3708 439 3784 {uolumine
482 3707 604 3801 Quare
616 3703 833 3778 incredibilis
850 3700 901 3775 est
914 3723 1017 3778 error
1031 3705 1198 3797 illorum,
1210 3706 1270 3798 qul

119 3857 122 3864 -
214 3829 299 3882 curn
316 3807 465 3898 aliquam
480 3803 603 3878 sellam
620 3802 869 3896 probaverint,
887 3802 992 3895 eique
1003 3801 1038 3879 se
1051 3801 1268 3900 addixerint,

213 3923 359 3981 ceteras
374 3909 540 3979 damnant
552 3917 719 3995 tanquam
732 3900 831 3975 falsas
845 3900 879 3972 dt
891 3901 1034 3992 inanes,
1056 3916 1268 3998 armentque

159 4032 161 4036 ·
205 4004 245 4087 se
260 4007 304 4088 ad
315 4006 571 4112 preliandum,
594 4023 663 4080 nec
677 4002 761 4096 quid
776 3999 971 4079 defendere
986 4002 1142 4081 debeant
1155 4000 1266 4080 scieu-

1141 4116 1216 4196 Μ·
1317 4115 1320 4210 l
