2825 4709
163 367 235 448 itu
259 361 393 442 Fiant
417 325 866 480 moriunturque.
891 357 1139 456 Iuaa'raon.
1215 405 1220 416 ι
1277 359 1281 366 “

162 527 297 604 Vereri
312 525 454 620 quidem
469 544 547 602 non
564 521 708 619 debuit,
735 544 816 603 cum
839 544 967 616 verum
983 524 1137 604 diceret:
1162 522 1225 601 sed

165 628 441 719 quasitimeret,
466 646 513 706 ne
534 625 669 718 proditi
690 625 847 717 mysterii
860 646 941 702 reus
961 647 981 699 a
1000 624 1223 723 philosophis

166 728 436 818 citaretur,non
451 723 501 804 est
512 723 612 804 ausus
626 721 853 804 confidenter
867 728 1116 818 pronuntiare,
1125 725 1226 821 quod

164 821 237 902 fuit
251 845 398 923 verum,
423 826 506 902 illos
523 843 600 902 non
617 822 701 896 ideo
719 824 910 918 disputare,
925 837 967 902 ut
981 827 1149 916 doceant,
1164 823 1227 901 sed

165 938 210 1000 ut
222 921 257 998 sa
274 924 458 1003 oblectent
469 926 506 999 in
522 924 620 1001 otio:
647 926 706 1014 qui
731 926 900 1016 quoniam
916 940 1062 1004 autores
1077 924 1158 1001 sunt
1172 945 1227 1000 te-

165 1041 246 1097 rum
264 1025 516 1119 gerendarum,
542 1043 611 1098 nec
625 1022 687 1120 ips1
703 1023 894 1116 quidquam
909 1038 1060 1120 gerunt,
1087 1044 1155 1117 pro
1173 1025 1227 1097 lo·

168 1126 339 1216 quaclbus
357 1120 437 1193 sunt
453 1122 617 1201 habendi.
642 1122 711 1208 Sed
726 1120 914 1215 proieti0,
941 1124 1021 1221 quia
1035 1124 1123 1201 nihil
1138 1124 1245 1203 boui.

166 1220 566 1312 multimammiam,
590 1241 661 1299 nec
674 1221 737 1314 ipsl
752 1220 905 1299 decretis
920 1220 986 1298 suis
1001 1225 1230 1320 obtempera·

167 1336 317 1412 verunt,
334 1342 402 1399 nec
418 1316 601 1416 quisquam
615 1342 678 1416 per
695 1334 757 1395 tot
769 1322 894 1402 saecula
907 1322 1078 1398 inventus
1093 1323 1159 1417 est,
1169 1323 1230 1415 qui

168 1421 447 1516 eorumlegihus
462 1422 618 1500 viveret.
669 1418 882 1514 objicienda
906 1420 956 1498 est
976 1422 1230 1518 igituromnia

120 1533 123 1542 ’
169 1519 419 1615 philosophia,
446 1522 527 1619 quia
540 1541 616 1599 non
627 1519 835 1599 studendum
854 1519 904 1596 est
920 1519 1117 1616 sapientiae,
1132 1522 1234 1616 quod

167 1615 244 1697 fine
260 1641 302 1694 ac
319 1620 432 1697 modo
451 1635 565 1695 caret:
591 1618 650 1696 sed
668 1618 869 1713 sapiendum
887 1620 994 1711 est,&
1009 1622 1150 1714 quidem
1159 1643 1231 1701 ma·

169 1731 264 1800 ture.
289 1719 380 1792 Non
396 1719 489 1797 eninr
501 1720 607 1796 nobis
623 1720 733 1794 altera
750 1719 827 1796 vita
842 1721 1068 1814 conceditur,
1078 1735 1133 1811 ut,
1146 1742 1230 1798 cum

169 1819 209 1894 in
225 1820 293 1896 hae
309 1817 511 1913 sapientiam
531 1839 746 1912 queramus,
771 1819 808 1893 in
826 1820 886 1896 illa
905 1817 1027 1911 sapere
1045 1820 1231 1913 poffimusz

171 1920 210 1994 ln
226 1920 292 1996 hae
307 1913 589 2014 utrumquefleri
603 1916 744 1995 necesse
759 1916 819 1994 est.
847 1915 932 1995 Cito
941 1919 1094 1997 inveniri
1104 1921 1230 2013 debet,

171 2031 215 2092 ut
228 2019 303 2091 cito
320 2014 443 2112 suscipi
462 2016 590 2111 pollis,
612 2039 659 2096 ae
676 2018 760 2109 quid
774 2032 899 2110 pereat
915 2040 961 2094 ex
974 2020 1064 2111 vita,
1075 2020 1178 2113 cujus
1189 2015 1232 2091 h·

103 2203 105 2207 q
171 2119 227 2193 nis
251 2118 408 2192 incertus
427 2115 489 2196 est.
541 2115 727 2212 Ciceronis
747 2118 959 2197 Hortensius
973 2133 1100 2210 contra
1114 2120 1233 2212 philo·

172 2214 331 2310 sophiam
346 2214 526 2310 disserens,
541 2205 828 2294 circumvenitur
842 2232 964 2315 arguta
980 2217 1233 2296 conclusiones

174 2318 273 2413 quod
294 2338 375 2390 cum
398 2316 536 2395 diceret
551 2316 872 2411 philosophandum
893 2338 970 2393 uon
988 2317 1077 2407 elie,
1102 2320 1233 2396 nihilo·

173 2421 290 2496 minus
305 2416 547 2512 philosophari
567 2418 766 2505 videbatur,
779 2415 945 2507 quoniam
955 2416 1158 2512 philosophi
1169 2416 1233 2510 est,

95 2593 104 2606 „
176 2519 260 2616 quid
275 2520 311 2591 in
330 2521 406 2594 vita
422 2518 644 2611 iaciendum,
661 2519 722 2593 vel
738 2517 1100 2608 perhennitatis,
1118 2515 1232 2609 dispu-

146 2665 149 2674 ·
175 2632 264 2696 tare.
298 2618 381 2708 Nos
399 2620 441 2690 ab
459 2620 525 2694 hac
542 2620 714 2694 calumnia
731 2618 902 2694 immunes
921 2639 962 2692 ac
978 2617 1080 2695 liberi
1099 2614 1232 2715 sumus,

176 2720 236 2810 qui
252 2716 512 2811 philosophiam
526 2720 705 2808 tollimus,
733 2719 813 2808 quia
826 2717 985 2794 humane
999 2716 1232 2812 cogitationis

175 2817 344 2893 inventio
360 2816 430 2904 est3
457 2814 614 2907 sophiam
628 2816 870 2907 defendimus,
897 2820 977 2910 quia
991 2817 1111 2891 divina
1125 2816 1234 2889 tradi·

174 2918 231 2993 tio
248 2914 470 3006 est,oamque
486 2918 529 2991 ab
544 2918 708 2989 omnibus
726 2914 846 3006 suscipi
863 2932 1035 3010 oportere
1051 2914 1233 2992 testamur.

175 3015 264 3107 ille,
290 3035 371 3088 cum
394 3013 652 3109 philosophiam
676 3015 844 3103 tolleret,
870 3035 937 3086 nec
961 3016 1086 3091 mellus
1101 3014 1233 3105 aliquid

123 3174 127 3180 ·
177 3115 344 3207 afferret,
368 3112 572 3207 sapientiam
585 3116 715 3187 tollere
726 3115 936 3208 putabatur,
965 3135 1081 3206 eoque
1093 3113 1234 3191 facilius

178 3217 224 3289 de
242 3212 413 3290 sententia
428 3212 544 3306 pulsus
559 3213 630 3304 est3
657 3214 738 3308 quia
755 3211 894 3288 constat
907 3214 1174 3290 hominemnon
1188 3212 1234 3291 ad

177 3315 384 3406 stultitiam,
406 3312 463 3388 sed
483 3315 524 3387 ad
541 3312 742 3407 sapientiam
761 3310 865 3389 nasci.

251 3413 427 3488 Praeterea
442 3415 528 3491 illud
546 3434 690 3505 quoque
707 3424 952 3508 argumentum
975 3426 1101 3486 contra
1116 3412 1236 3504 philo·

178 3510 337 3606 sophiam
360 3516 458 3589 vaiet
481 3514 688 3605 plurimun,
717 3532 789 3604 quo
804 3512 897 3586 idem
912 3510 961 3587 est
977 3510 1056 3585 usus
1073 3512 1237 3589 Horten·

99 3619 102 3628 “
177 3612 267 3705 iiusq
294 3633 339 3686 ex
355 3635 401 3691 eo
417 3611 517 3711 possa
534 3612 704 3709 intelligi,
732 3609 989 3704 philosophiam
1005 3631 1080 3686 non
1098 3607 1166 3687 eise
1186 3610 1235 3686 sa·

179 3713 378 3827 pientiams
397 3714 495 3805 quod
521 3713 731 3811 principium
759 3711 923 3804 &origo
951 3711 1025 3804 ejus
1054 3725 1235 3808 appareat.

182 3811 354 3909 Quando,
363 3814 490 3905 mquit,
500 3810 700 3908 philosophi
716 3810 785 3887 eise
798 3807 1007 3900 ceperunt?
1032 3808 1182 3900 Thales,
1195 3826 1238 3886 ut

119 3957 124 3970 „
181 3911 337 4002 opinor,
363 3914 515 4008 primus,
541 3931 667 3987 recens
682 3911 758 3985 hanc
774 3908 913 3999 quidem
928 3924 1034 3995 aetasq
1067 3912 1234 4006 ubiergo

180 4011 274 4100 apud
294 4013 513 4103 antiquiores
532 4012 636 4087 latuit
652 4030 751 4089 amor
764 4011 824 4088 ille
840 4007 1089 4106 investigante
1107 4011 1238 4086 verita·

167 4104 244 4180 tls?
264 4107 360 4187 Item
374 4109 572 4196 Lueretius
585 4112 655 4192 aits
1095 4207 1186 4281 Μ
