2825 4709
194 358 267 444 ηεξ
292 347 426 429 Fran.
452 293 724 429 Laertam
747 353 894 430 n-rtlrtt.
918 350 1173 432 interrant.

271 509 423 588 Lumina
435 515 543 610 igitur
556 512 674 609 posuit
687 516 725 589 in
739 516 847 608 coelo,
859 527 1017 607 ‘quorum
1032 508 1257 602 moderatio,

197 610 234 688 dt
251 614 412 706 claritas,
439 615 606 689 &motus
620 614 787 709 aptiffime
802 615 846 688 ad
858 615 1033 688 utilitates
1050 610 1258 686 viventium

196 725 416 807 temperatus
439 713 500 789 est.
557 713 680 789 Terrae
701 729 844 808 autem,
869 734 973 807 quam
996 712 1122 786 sedem
1142 710 1257 783 voluit

197 809 293 906 esse,
318 813 585 888 foecutrditatcm
609 814 707 886 varia
727 813 896 911 gignendi
911 834 955 888 ac
969 811 1192 906 proferendi
1206 810 1257 881 de·

197 912 273 1002 dit3
300 926 341 986 ut
353 914 517 990 ubertate
531 913 672 1010 frugum
687 913 722 986 dt
735 915 924 988 herbarum
937 913 1166 1005 virentium,
1195 930 1256 1003 pro

195 1029 325 1090 natura
349 1013 383 1087 dt
403 1011 470 1086 usu
502 1013 674 1105 cujusque
705 1015 873 1110 generis,
914 1014 1127 1088 alimoniam
1157 1010 1257 1083 admi·

195 1111 374 1188 nistraret.
424 1111 520 1188 Tum
543 1112 708 1206 perfertis
729 1115 915 1205 omnibns,
949 1135 1028 1206 quae
1056 1112 1106 1186 ad
1136 1109 1257 1185 condi·

197 1212 338 1286 tionem
358 1215 478 1286 mundi
500 1215 754 1305 pertinebant,
785 1215 967 1288 hominem
988 1209 1100 1285 linxit
1124 1233 1174 1286 ex
1195 1207 1260 1304 ipsa

196 1324 315 1404 tarra,
343 1333 444 1404 quam
467 1314 516 1386 illi
534 1335 554 1386 a
573 1314 751 1407 principio
767 1313 804 1386 in
824 1314 1067 1387 habitaculum
1088 1331 1258 1406 praepara·

199 1411 283 1498 vit3
316 1411 352 1484 id
374 1412 424 1487 est
445 1410 601 1509 spiritum
622 1412 719 1486 suum
740 1428 887 1486 terreno
908 1432 1070 1504 corpore
1094 1409 1258 1506 induit&

198 1509 387 1602 involvit,
413 1526 454 1585 ut
476 1512 508 1585 &
533 1512 738 1606 compartus
765 1534 813 1585 ex
832 1513 938 1586 rebus
961 1511 1115 1585 diversis
1141 1533 1187 1584 ac
1213 1531 1259 1583 re

197 1613 467 1709 pugnantibus,
503 1614 640 1686 bonnm
672 1635 715 1686 ac
745 1614 873 1686 malum
899 1627 1075 1703 caperet3
1114 1612 1151 1685 δι
1177 1610 1258 1684 licut

199 1723 300 1784 terra
317 1711 389 1806 ipsa
409 1712 573 1785 foecunda
594 1711 645 1785 est
667 1713 710 1787 ad
732 1711 852 1809 fruges
875 1707 1084 1804 pariendas:
1112 1714 1167 1786 ita
1186 1731 1259 1783 cur·

198 1832 267 1908 pus
283 1812 458 1903 hominis,
484 1812 582 1903 quod
598 1810 808 1904 affumptum
820 1807 871 1885 est
886 1834 907 1885 e
920 1826 1037 1898 terra,
1067 1808 1259 1906 generandi

201 1913 364 2003 copiam,
397 1911 674 2011 facultatemque
695 1913 924 2004 procreandae
946 1912 1090 1984 sobolis
1109 1911 1259 2004 accepit,

198 2025 244 2082 ut
263 2011 429 2102 quoniam
451 2011 565 2106 fragili
586 2013 734 2084 matoria
750 2011 926 2085 formatus
945 2012 980 2082 in
996 2025 1182 2084 aeternum
1199 2031 1261 2085 ma·

200 2130 289 2186 nere
304 2131 380 2183 non
395 2125 561 2204 poterat,
581 2110 727 2202 perailo
745 2113 951 2201 temporalis
968 2111 1057 2182 vitae
1074 2109 1196 2203 spatio
1213 2131 1261 2182 ce

197 2207 325 2303 deret,
351 2210 384 2282 ἃ
403 2209 513 2302 illud,
541 2209 640 2302 quod
655 2209 779 2307 fragile
797 2225 904 2302 atque
921 2211 1148 2284 imbecillum
1172 2231 1262 2308 gere·

98 2329 100 2336 ·
199 2308 289 2401 ilat,
324 2325 497 2404 perpetua
527 2309 743 2383 succeilrone
774 2321 983 2386 renovaret.
1046 2307 1129 2383 Cur
1164 2312 1263 2405 igitur

203 2431 285 2484 eum
311 2413 500 2485 mortalem
524 2409 629 2483 finxit
654 2409 687 2479 dt
715 2410 896 2505 fragilem,
932 2430 1012 2483 curn
1040 2411 1142 2483 illius
1173 2405 1254 2482 caus
1288 2489 1291 2500 1

203 2509 374 2585 mundum
392 2509 619 2582 aedificaffet?
646 2509 821 2601 Primum,
848 2523 888 2581 ut
903 2507 1042 2583 infinita
1060 2513 1119 2581 vis
1140 2513 1262 2582 anima·
1288 2509 1291 2582 Ξ

201 2629 281 2681 rum
294 2611 513 2705 gigneretur,
531 2631 744 2701 omnemque
759 2625 887 2681 terram
898 2610 1133 2683 multitudine
1146 2612 1264 2703 opple
1287 2603 1291 2652 ¹

203 2725 279 2781 ret:
306 2710 454 2802 deinde,
473 2725 514 2781 ut
527 2724 754 2803 proponeret
770 2711 907 2782 homini
924 2711 1125 2800 virtutem,
1154 2713 1192 2781 id
1207 2708 1264 2799 est,

203 2812 433 2882 tolerantiam
457 2812 631 2882 malorum
656 2831 696 2881 ac
719 2811 904 2902 laborum,
930 2828 993 2900 per
1017 2829 1129 2898 qnam
1153 2808 1265 2902 pollet

204 2910 387 3000 praemium
409 2911 684 2981 immortalitatis
705 2908 857 3001 adipisci.
920 2907 1014 2980 Nam
1043 2909 1129 2997 qnia
1158 2912 1265 2983 homo

206 3030 252 3080 ex
270 3008 405 3082 duabus
422 3011 529 3081 rebus
546 3008 702 3099 constat,
723 3029 881 3102 corpore
898 3022 1006 3099 atque
1021 3008 1167 3100 anima,
1186 3028 1266 3099 qno
1285 2999 1289 3050 ³

205 3128 286 3182 rum
313 3112 462 3182 alterum
489 3124 668 3180 terrenum
692 3108 772 3199 est,
806 3110 955 3180 alterum
982 3105 1162 3200 coeleste,
1199 3109 1290 3179 dun·

205 3210 294 3282 vitae
321 3211 457 3284 homini
480 3209 659 3281 attributae
687 3205 789 3279 sunt:
823 3228 894 3280 una
917 3209 1159 3301 temporalis,
1196 3143 1294 3314 quai

107 3328 113 3359 2
206 3311 356 3403 corpori
381 3310 593 3403 affignatur3
629 3308 740 3378 altera
761 3305 999 3399 sempiterna,
1035 3326 1119 3396 quae
1149 3310 1266 3378 anime

206 3408 375 3501 subjacet.
431 3409 530 3480 illam
555 3404 734 3478 nascendo
761 3407 975 3498 accipimus,
1010 3405 1108 3477 hanc
1126 3404 1267 3497 ailequi·

206 3531 287 3586 mur
313 3509 541 3597 laborand0,
575 3527 622 3578 ne
648 3507 894 3579 immortalitas
926 3505 1066 3578 homini
1095 3501 1164 3599 (ut
1191 3519 1268 3578 ante

206 3609 381 3706 diximus)
396 3610 468 3682 sme
484 3608 557 3680 ulla
572 3603 780 3680 difficultate
797 3604 987 3680 constaret.
1036 3603 1107 3676 Illa
1127 3618 1268 3678 terrena

208 3710 282 3805 est,
307 3712 397 3786 sicut
419 3728 579 3803 corpus,
605 3705 743 3778 &ideo
769 3702 911 3777 finitur:
944 3705 1021 3776 haec
1046 3723 1145 3775 vero
1173 3706 1269 3776 coele·
1298 3725 1302 3808 ἱ

207 3809 290 3902 stis,
317 3810 557 3895 sumamma,
585 3805 716 3878 &ideo
737 3807 926 3878 terminum
950 3822 1027 3875 non
1053 3803 1182 3878 habet.
1234 3802 1270 3875 ll·
1299 3811 1302 3850 ⁸

207 3900 278 3987 lam
308 3913 457 4005 primam
482 3906 680 3981 nescientes
706 3904 926 3996 accipimus,
961 3902 1054 3975 hanc
1081 3899 1269 3975 secundam
1297 3881 1331 4320 L

125 4042 129 4051 ·
204 4007 386 4100 scientes3
423 4010 554 4083 virtuti
585 4006 707 4104 enim,
739 4025 817 4083 non
848 4018 983 4082 naturae
1016 4000 1154 4092 datur,
1196 4004 1268 4092 quia

148 4103 223 4217 ἱ
1098 4102 1226 4176 voluit
