2825 4709
104 380 106 384 ¹
230 405 290 497 78'
326 364 764 519 Fure-Laorrlpr'rrr
787 414 935 473 nrrrrr.
958 391 1198 482 susrr'ror,
1288 429 1292 452 2

202 693 204 698 ’
307 777 309 781 .
422 666 692 806 'c'arpr
741 704 1078 797 aurorum,

114 945 116 949 ,
226 829 321 959 Quod
338 864 481 932 rarimir
495 837 612 930 oblivio
622 856 732 951 faciat
745 815 891 928 'homines
906 862 1095 953 ignorantes
1113 865 1187 933 vrri
1209 814 1292 959 Dei,

242 970 264 1002 ’·
299 969 356 1072 gui
373 964 486 1033 colitur
499 964 537 1031 iu
550 958 702 1054 adnirfir,
720 959 759 1035 σ
773 964 811 1040 in
819 958 974 1057 prosperis
988 968 1212 1074 cmtemnirur.

368 1257 437 1334 else
451 1249 755 1346 monstraverim¹
770 1256 867 1349 quod
881 1257 920 1348 ii,
934 1276 1086 1348 quorum
1099 1262 1218 1333 varios
1229 1261 1293 1333 dis-

180 1440 182 1447 ,
215 1420 219 1445 ,
366 1358 565 1452 similesque
579 1358 778 1452 ,cultusper
791 1355 992 1429 universam
1006 1370 1135 1433 terram
1144 1359 1295 1436 consen·

227 1456 283 1534 sus
302 1458 487 1531 hominum
501 1455 606 1529 stulta
620 1452 844 1548 persuasrone
859 1453 1023 1549 suscepit,
1033 1460 1203 1531 mortales
1215 1460 1293 1533 fue·

101 1646 104 1652 ι
228 1556 603 1648 rinafunuiquerita
620 1556 750 1627 divina
766 1554 957 1628 necessitati
973 1570 1093 1630 morte
1110 1560 1293 1633 concesse·

118 1663 121 1668 '
228 1657 321 1731 rint:
348 1672 467 1738 tamen
482 1676 528 1727 ne
547 1674 615 1744 qua
631 1653 809 1727 dubitatio
823 1655 1065 1758 relinquatur,
1092 1656 1150 1731 hic
1168 1656 1293 1731 secun·
1314 1654 1317 1658 ’

147 1810 149 1814 -
228 1758 293 1831 dus
309 1757 400 1830 liber
415 1755 555 1828 sontem
569 1749 679 1845 ipsum
695 1753 888 1845 patefaciet
903 1771 1080 1846 errorum,
1099 1757 1292 1851 causasque

230 1876 356 1929 omnes
376 1852 595 1946 explicabit,
622 1852 749 1943 quibus
763 1852 908 1949 decepti
922 1852 1107 1948 homines,
1129 1856 1293 1951 &primi-

228 1950 287 2028 tus
311 1956 413 2027 Deos
437 1951 507 2024 else
527 1950 763 2044 crediderint,
796 1950 1070 2049 &postmodum
1087 1951 1292 2031 inveterata

184 2112 186 2115 ,
228 2051 452 2148 persuasione
466 2054 502 2124 in
518 2049 685 2144 susceptis
699 2051 896 2145 pravissime
909 2052 1157 2150 Religionibus
1174 2058 1292 2149 perse-

226 2153 447 2226 veraverint.
465 2149 599 2245 ,Gestio
617 2153 725 2243 enim,
736 2139 1190 2247 Constantinelmper'ator,
1201 2178 1291 2231 con·

161 2333 165 2348 Ι
226 2252 331 2334 vistis
351 2252 535 2342 inanibus,
561 2250 797 2324 &hominum
812 2252 920 2344 impia
945 2256 1106 2327 vanitate
1131 2255 1293 2352 detesto,

226 2353 408 2448 fingularis
427 2350 494 2423 Dei
512 2348 661 2423 offerere
678 2348 918 2442 majestatem,
951 2350 1138 2445 suscipiens
1164 2357 1287 2429 utilius

228 2451 388 2545 &majus
407 2446 562 2523 officium
578 2448 777 2522 revocandi
797 2450 964 2537 homines·
984 2474 1003 2524 a
1020 2457 1140 2547 pravis
1154 2456 1290 2527 itineri·

227 2547 313 2642 bus,
338 2552 371 2624 ἃ
387 2552 423 2623 in
441 2553 586 2645 gratiam
602 2547 720 2622 secum
734 2546 828 2643 ipsos
841 2551 1056 2644 reducendi,
1082 2574 1142 2646 ne,
1158 2568 1198 2625 ut
1214 2556 1292 2645 qui-

160 2647 162 2650 ’
230 2653 309 2724 dam
321 2649 527 2743 philosophi
543 2649 694 2741 faciunt,
707 2662 900 2742 tantopere
914 2648 1126 2743 despiciant,
1152 2652 1292 2748 nevese

228 2747 414 2838 infirmos,
440 2749 474 2819 ἃ
494 2747 758 2840 supervacuos,
786 2749 934 2842 &nihil
950 2750 983 2823 o
998 2750 1124 2824 frustra
1138 2754 1289 2827 omnino

133 2864 135 2870 ·
229 2860 487 2938 natosputent.
515 2850 606 2945 Quae
621 2846 748 2938 opinio
766 2849 958 2940 plerosque
972 2852 1014 2922 ad
1030 2852 1193 2924 vitiaco·
1215 2855 1290 2945 pel·

230 2948 284 3023 lit.
335 2945 430 3019 Nam
450 2945 532 3018 dum
556 2944 774 3038 existimant,
800 2949 887 3019 nulli
902 2948 984 3019 Deo
998 2971 1065 3021 nos
1082 2950 1151 3025 elie
1169 2972 1288 3047 curae,

231 3058 292 3121 aut
306 3045 388 3140 post
402 3059 557 3120 mortem
570 3046 658 3118 nihil
670 3044 835 3136 futuros,
863 3046 1287 3126 totosselibidlnibusad-

229 3148 374 3236 dicunt,
402 3145 531 3217 &dum
545 3146 654 3218 licere
669 3145 735 3240 srbi,
746 3160 895 3238 putant,
930 3146 1132 3223 hauriendis
1157 3154 1288 3244 volup·

118 3300 120 3304 s
230 3247 363 3319 tatibus
380 3245 538 3318 sitienter
552 3245 782 3336 incumbunt,
808 3243 873 3336 per
887 3266 971 3336 quas
986 3248 1229 3340 imprudentes
1245 3253 1284 3325 in

231 3348 379 3436 laqueos
394 3347 520 3416 mortis
538 3346 743 3433 incurrunt3
771 3346 938 3439 ignorant
956 3348 1070 3434 eninr,
1086 3351 1288 3439 quaefitho·

230 3446 332 3520 minis
346 3444 452 3517 ratio.
479 3446 596 3541 Quam
611 3443 636 3515 sr
652 3457 777 3516 tenere
796 3445 955 3535 vellent,
981 3446 1146 3538 inprimis
1159 3448 1284 3520 Domi-

230 3564 317 3617 num
330 3541 428 3614 suum
443 3541 695 3636 agnoscerent,
722 3543 894 3616 virtutem
909 3544 1146 3637 justitiamque
1163 3545 1284 3637 seque-

228 3656 377 3733 rentur,
402 3642 552 3714 terrenis
564 3637 742 3736 figmentis
756 3641 886 3714 animas
904 3643 978 3716 suas
994 3667 1068 3719 non
1086 3644 1284 3719 substerne.

227 3756 333 3831 tent,
357 3740 559 3814 mortiferas
573 3739 956 3816 libidinumsuavitates
965 3766 1039 3817 nou
1049 3759 1281 3834 appeterent:

229 3841 383 3932 denique
396 3837 524 3933 seipsos
536 3841 653 3935 magni
665 3838 894 3933 aestimarent,
909 3856 1015 3935 atque
1026 3844 1282 3941 intelligerent,

229 3942 309 4033 plus
323 3937 391 4013 esse
408 3940 445 4012 in
464 3940 628 4030 homine,
656 3960 759 4029 qoam
769 3940 931 4032 videtur,
958 3942 1056 4033 cujus
1071 3944 1144 4017 vim
1158 3946 1284 4020 condi·

226 4041 438 4136 tionemque
447 4060 526 4116 non
537 4037 638 4115 aliter
648 4036 791 4136 possent
801 4042 971 4138 retinere,
984 4042 1047 4119 nist
1057 4045 1191 4117 cultum
1203 4048 1283 4121 veri

1109 4144 1235 4240 parcit·

201 1193 209 1210 ι·
232 1166 518 1400 Quanquam
536 1157 653 1249 primo
670 1148 766 1230 libro
784 1151 992 1253 Religiones
1010 1121 1174 1232 Deorum
1190 1158 1292 1236 falsat
