2825 4709
278 389 280 396 ·
342 351 603 468 LtuetVI.
629 373 688 429 nn
713 373 843 430 veno
869 351 1052 432 Concu.
1149 373 1223 452 409

129 531 135 550 '
169 539 250 594 rare
266 529 384 592 tutem
400 517 551 592 maium:
575 515 622 590 iic
643 517 785 592 moveri
805 514 987 595 affeiiibus
1010 517 1046 590 in
1068 511 1224 611 retium,

171 623 310 694 bonum
331 617 402 705 est3
427 618 463 690 in
476 637 640 709 pravum,
655 617 797 690 malum.
847 614 942 690 Nam
957 617 1068 690 iibido
1082 616 1106 688 sr
1121 632 1225 692 extre

168 721 366 815 legitimum
390 729 509 788 torum
532 736 607 788 non
631 729 825 811 evagetur,
849 715 936 786 licet
950 715 991 788 stt
1008 717 1226 806 vehemens,-

171 833 292 892 tamen
312 818 415 907 culpa
433 829 540 894 earet.
592 813 653 886 Sin
675 834 767 886 vero
786 814 922 907 appetit
940 815 1113 897 alienum,
1138 816 1229 888 licet·

170 918 215 993 fit
228 916 437 1004 mediocris,
464 915 592 990 vitium
609 928 728 988 tamen
743 915 931 988 maximum
946 913 1007 990 est.
1055 914 1148 990 Non
1173 911 1225 988 est

174 1019 296 1106 itaque
315 1017 463 1089 morbus
479 1011 598 1104 irasci,
624 1032 863 1106 becconem,
888 1033 957 1086 nec
971 1015 1115 1088 libidine
1128 1034 1226 1088 com·

174 1116 336 1190 moveri:
366 1111 424 1188 sed
439 1113 646 1186 iracundum
660 1109 753 1203 effe,
777 1112 925 1186 morbus
939 1112 1010 1206 est,
1037 1113 1224 1206 cupidum,

168 1211 409 1289 -libidinosum
452 1213 525 1312 Qui
544 1214 635 1285 enim
651 1211 839 1284 iracundus
855 1210 926 1298 est,
953 1217 1058 1286 etiarn
1075 1215 1132 1284 cui
1148 1233 1226 1286 non

173 1315 304 1404 debet,
330 1325 390 1384 aut
405 1332 483 1386 curn
499 1331 575 1384 non
593 1324 763 1404 oportet,
782 1308 951 1384 irascitur.
977 1313 1050 1405 Qui
1062 1313 1225 1406 cupidus,

174 1415 280 1486 etiam
299 1411 396 1503 quod
410 1431 486 1484 non
499 1431 590 1502 opus
603 1409 676 1508 est,
705 1408 935 1501 concupiscit.
974 1410 1047 1505 Qui
1061 1412 1226 1486 libidino-

174 1511 253 1603 sus,
280 1511 384 1584 etiam
412 1511 508 1601 quod
534 1511 669 1604 legibus
695 1524 861 1598 vetatur,
888 1506 1040 1584 affectat.
1098 1509 1226 1584 Omnis

174 1611 283 1706 igitur
299 1611 392 1682 ratio
412 1612 449 1682 in
466 1629 512 1681 eo
530 1607 661 1680 veriari
678 1605 822 1699 debuit,
848 1621 889 1680 ut
913 1610 1079 1697 quoniam
1104 1631 1226 1686 earum

173 1731 293 1784 rerum
309 1711 461 1802 impetus
478 1709 628 1782 inhiberi
645 1727 719 1780 non
737 1705 876 1799 potest,
901 1729 969 1778 nec
988 1708 1118 1800 debet,
1144 1711 1226 1800 quia

174 1807 369 1882 neceffario
387 1807 436 1881 est
452 1808 573 1880 insitus
593 1810 636 1881 ad
652 1807 784 1878 tuenda
800 1804 917 1879 officia
931 1807 1035 1897 vitre,
1060 1807 1227 1904 dirigere·

177 1923 235 1978 tur
249 1907 369 1999 potius
384 1909 421 1978 in
437 1908 530 1980 uiam
545 1905 694 1999 retiam,
720 1905 782 1982 ubi
797 1907 904 1982 etiam
924 1904 1042 1982 cursus
1058 1905 1228 1982 offendo·

176 2027 223 2080 ne
240 2027 280 2078 ac
296 2007 457 2100 periculo
473 2019 602 2079 careat.

396 2324 414 2450 g
471 2339 924 2419 cnrurxvrn

181 2454 233 2580 Dc
249 2500 434 2599 Affeiiibus,
460 2530 496 2578 oc
511 2529 613 2579 eorum
627 2505 703 2591 “sui
730 2506 766 2576 do
779 2508 954 2600 patientia,
971 2503 1229 2596 &summobono

574 2605 836 2702 Cdrr'fliamrum.
1211 2621 1214 2628 '

180 2804 276 2984 Sed
293 2801 437 2878 evetius
453 2801 525 2880 sum
544 2803 760 2900 coarguendi
776 2803 892 2880 studio
906 2807 1064 2903 longius3
1091 2821 1170 2884 cur'n
1183 2809 1228 2902 iit

256 2904 341 2977 mihi
363 2903 605 2996 propositum,
634 2925 695 2996 ea,
721 2923 799 2994 quae
813 2905 901 2980 uitia
913 2905 1115 3000 philosophi
1128 2923 1230 3003 puto·

181 3017 338 3095 verunt,
366 3002 553 3076 ostendere
569 3025 645 3077 non
660 3016 800 3080 tantum
816 3007 902 3080 vitia
917 3029 991 3080 non
1005 3005 1086 3096 effe.
1101 3024 1229 3084 verum

182 3106 287 3174 etiam
310 3123 451 3197 magnas
473 3101 542 3175 eise
567 3105 732 3176 virtutes.
782 3100 838 3175 Ex
854 3107 928 3178 aliis
945 3105 1100 3178 docendi
1119 3109 1231 3200 gratio

180 3205 329 3291 sumam,
350 3223 426 3292 que
443 3205 620 3293 pertinere
635 3202 767 3276 adrem
782 3203 931 3278 maxime
945 3220 1048 3298 puto.
1073 3201 1229 3300 Meton,

179 3303 241 3377 seu
266 3301 432 3375 timorem
455 3303 490 3372 in
513 3302 785 3376 maximo-vitio
806 3318 969 3396 ponunt,
994 3302 1231 3394 stmtmamque

180 3401 457 3474 imbecillitatem
473 3397 541 3472 etse
556 3402 659 3474 animi
676 3415 825 3493 putuntt
853 3403 909 3474 cui
920 3403 1241 3478 srtcontrariafor··

181 3500 324 3588 titudo,
351 3519 427 3588 quae
444 3497 469 3570 sr
484 3499 526 3573 sn
538 3500 575 3572 in
590 3501 759 3593 homine,
784 3502 904 3576 iocum
920 3502 1042 3576 timori
1064 3499 1133 3576 eise
1145 3505 1233 3576 nul·

181 3601 266 3672 lum.
311 3595 479 3670 Creditne
495 3618 581 3694 ergo
597 3600 744 3690 aliquis,
768 3595 844 3674 fieri
863 3599 983 3695 posse,
1007 3616 1049 3674 ut
1059 3601 1151 3674 idern
1160 3623 1234 3676 me·

182 3713 240 3768 tus
256 3695 385 3770 summa
400 3695 441 3768 srt
455 3695 660 3770 Fortitudo?
685 3699 847 3776 Minime.
884 3699 1015 3791 Neque
1027 3701 1119 3773 enim
1136 3701 1236 3774 vide·

183 3811 243 3867 tur
259 3808 547 3887 crumenarum,
572 3812 614 3869 ut
635 3797 765 3889 aliquid
784 3800 821 3872 in
842 3801 1061 3873 contrarium
1083 3799 1233 3876 recidat.

183 3893 297 3984 Atqui
322 3916 390 3989 ego
414 3915 489 3967 non
514 3912 636 3990 arguta
663 3897 778 3988 aliqua
799 3897 1051 3989 conclusione,
1068 3911 1118 3974 ut
1141 3895 1235 3992 apud

183 3993 373 4069 Platonem
391 3991 557 4070 Socrates
582 3997 688 4094 iacit,
715 3997 774 4087 qui
792 4017 880 4094 eos,
906 4015 997 4090 quor
1022 4010 1152 4092 contra
1171 3995 1236 4072 dis·

657 4094 764 4184 Ces
1070 4111 1199 4188 nutet,
