2825 4709
98 357 100 364 ’
172 365 248 464 370
271 359 704 480 rnna-Limnen
729 379 879 444 nrvtn.
905 363 1154 453 lutrtrur„

171 529 252 605 hon
266 523 382 616 redle3
409 527 490 618 quia
505 517 673 619 oportuit
686 528 764 600 vias
780 526 869 618 ipsas
885 528 927 601 'ad
941 525 1175 619 vitamfines
1189 553 1243 606 ea·

123 677 125 682 -
171 631 254 702 lum
270 627 314 700 ad
327 641 483 700 mortem
498 625 635 700 referri.
682 616 769 699 'Noa
785 627 893 724 igitur
908 629 1033 701 melius
1048 630 1085 700 ἂ
1102 629 1242 724 uerius,

173 727 237 820 qui
253 721 337 802 duas
355 723 434 799 istas
452 725 527 798 vias
541 727 618 825 c'oeli
633 726 666 801 dt
682 723 880 799 inferorum
893 725 965 800 elle
979 724 1147 822 dicimus,
1160 733 1243 822 quia

171 826 274 923 justis
288 825 694 918 immortalitas‚injustis
709 839 814 918 prena
827 835 959 899 aeterna
974 826 1166 920 proposita
1181 830 1242 907 est.

251 925 455 1025 Quomodo
473 940 591 996 autem
607 925 661 998 hae
677 926 745 997 viae
760 929 822 1000 vel
838 927 875 998 in
889 927 1243 1020 eoelum.tollant‚vel

174 1024 221 1098 'ad
235 1026 374 1100 inferna
386 1025 632 1117 precipitem,
659 1026 870 1117 explicabo:
896 1027 1064 1119 aperiam,
1083 1029 1245 1118 quaesmt

171 1127 352 1217 Virtutes,
371 1139 457 1217 quas
472 1119 677 1218 philosophi
693 1125 914 1213 nescierunt3
941 1139 1015 1198 tum
1026 1142 1151 1200 earum
1163 1150 1242 1219 quae

172 1222 242 1300 fint
258 1225 420 1318 praemia,
445 1223 543 1298 simul
557 1213 758 1316 etiamque
772 1223 839 1297 llnt
853 1223 1094 1317 vitimquaeve
1112 1248 1244 1302 eorum

172 1321 368 1417 supplicia,
395 1321 614 1399 monstrabo.
645 1321 742 1398 Nam
757 1321 1039 1415 lortallealiquis
1055 1326 1245 1422 expediet,

150 1473 154 1487 ,
171 1437 217 1497 ut
231 1421 415 1520 separatim
428 1423 472 1495 de
488 1424 586 1496 vitiis
600 1437 643 1495 ac
657 1423 853 1496 virtutibus
867 1423 1000 1515 dicam,
1025 1428 1243 1500 cumdebo·

167 1527 224 1600 'no
241 1536 303 1595 aut
318 1522 413 1596 malo
425 1519 670 1618 differentibus
685 1525 815 1616 nobis,
840 1525 948 1596 etiam
963 1526 1061 1615 quod
1077 1523 1131 1597 est
1151 1548 1243 1599 con-

168 1623 320 1697 trarium
335 1621 440 1715 pollit
454 1621 614 1716 intelligi.
641 1617 727 1694 Sive
741 1621 838 1694 enlm
856 1623 1011 1696 virtutes
1025 1621 1241 1718 inseras‚vi-

168 1725 223 1796 'tia
239 1721 297 1796 sua
312 1709 441 1818 sponte
457 1721 649 1820 decedente
675 1720 1000 1814 fivevitlaeximaa‚
1020 1727 1181 1797 virtutes
1191 1729 1242 1798 ul·

165 1832 232 1896 'tro
242 1819 420 1894 subibunt
441 1820 499 1893 Sic
512 1819 695 1893 bonorum
710 1835 754 1920 ac
770 1819 945 1895 malorum
960 1821 1161 1896 constituta
1176 1847 1237 1898 na-

165 1926 252 1996 'tura
264 1913 338 2013 est,
363 1933 406 1991 ut
417 1905 455 1992 le
469 1920 625 1993 invitem
639 1913 777 2012 semper
792 1938 1017 2015 oppugnent,
1025 1921 1167 2016 semper
1177 1947 1237 1996 ex·

169 2023 328 2120 pellente
352 2019 401 2090 ita
416 2015 482 2110 lit,
509 2034 550 2091 ut
562 2035 681 2111 neque
698 2022 786 2092 uitia
801 2021 937 2094 detrahi
951 2021 1024 2094 line
1037 2022 1235 2095 uirtutibus

101 2145 105 2155 ·
170 2117 323 2216 pollin‘t,
349 2133 419 2214 neo
433 2117 589 2190 virtutes
607 2115 709 2190 inseri
725 2119 798 2192 stne
811 2114 1032 2194 detradlione
1047 2122 1234 2197 vitiorum.

165 2220 247 2297 Has
267 2218 375 2315 igitur
392 2219 468 2289 vias
481 2218 591 2313 longe
605 2218 707 2290 aliter
720 2218 946 2313 inducimus,
972 2223 1235 2313 quamaphilo·

86 2380 87 2383 a
168 2317 292 2412 l'ophia
308 2315 428 2418 induci
443 2314 572 2392 solent.
623 2310 800 2410 Primum,
825 2319 925 2410 quod
937 2321 1079 2412 utrique
1091 2327 1234 2411 preepo·

167 2417 273 2494 litum
285 2408 357 2489 ¹elle
368 2417 519 2489 ‘dicimus
534 2415 875 2507 ducem,utrumque
890 2420 1141 2491 immortalem:
1168 2418 1232 2491 sed

167 2520 319 2594 onerum
335 2517 574 2607 honoratum,
601 2516 660 2606 qui
687 2517 883 2588 virtutibus
910 2539 951 2588 ac
972 2519 1076 2591 bonis
1099 2520 1231 2610 praelat,

166 2619 322 2693 'alterum
337 2616 560 2705 damnatum,
586 2616 644 2706 qui
662 2616 759 2686 vitiis
777 2636 816 2687 ac
829 2617 940 2692 malis.
979 2616 1034 2689 llli
1052 2633 1172 2690 autem
1193 2621 1231 2691 in

166 2705 367 2790 dexteriori
391 2727 530 2787 tantum
550 2715 610 2784 via
631 2714 756 2787 ducem
779 2729 943 2808 ponunt,
970 2737 1088 2807 neque
1103 2738 1231 2811 unum,

164 2824 287 2905 neque
300 2828 522 2905 perpetuum.
552 2813 731 2903 'Siquidem
749 2816 943 2904 quemlibet
959 2817 1142 2888 dodlorem
1162 2820 1229 2888 bo·

164 2922 224 2988 “nit
239 2912 325 2984 altis
339 2912 535 3003 inducunt,
562 2913 619 3003 qui
635 2936 654 2984 a
672 2913 800 2985 desidia
813 2929 967 2987 revocet
982 2915 1167 3008 homines,
1195 2915 1230 2987 dt

167 3013 264 3109 frugi
286 3009 356 3083 elle
378 3011 523 3083 doceat.
575 3010 646 3083 Sed
662 3033 779 3102 neque
794 3015 929 3109 ingredi
947 3014 1084 3087 faciunt
1099 3017 1134 3086 in
1150 3038 1231 3091 eam

166 3116 285 3201 ulam,
311 3109 372 3190 nist
389 3130 521 3203 pueros
540 3112 573 3183 dt
590 3109 854 3201 adolescentem
882 3114 1161 3205 videlicetquod
1177 3136 1230 3187 ar·

166 3223 224 3289 tes
238 3204 416 3284 discantur
429 3210 467 3281 in
482 3209 536 3283 his
552 3214 725 3285 aetatihus.
760 3209 799 3283 N
801 3233 846 3286 os·
855 3229 972 3287 autem
984 3218 1099 3288 omnis
1111 3215 1227 3308 sexus,

110 3313 118 3379 ’,
167 3310 380 3407 degeneris,
407 3307 569 3381 &etatis
593 3313 629 3382 in
652 3312 725 3382 hoc
751 3311 892 3385 coeleste
913 3314 982 3384 iter
1004 3314 1227 3400 inducimus3

101 3441 104 3446 ·
167 3414 252 3504 quia
270 3410 383 3500 Deus,
405 3410 464 3508 qui
477 3409 554 3500 eius
571 3411 638 3481 viae
655 3410 728 3481 dux
742 3410 807 3505 est,
829 3414 1130 3485 immortalitatem
1140 3414 1229 3486 nulli

165 3509 307 3587 homini
331 3522 420 3580 nato
445 3526 563 3604 negat.
612 3508 745 3581 Forma
762 3533 907 3603 quoque
921 3509 1069 3605 ipsarum
1088 3516 1228 3588 viarum

165 3617 247 3684 lton
263 3610 314 3681 ita
329 3604 402 3701 est,
428 3625 469 3677 ut
484 3601 535 3679 illi
548 3621 781 3700 putaverunt.
833 3612 931 3710 Quid
949 3613 1043 3684 enim
1064 3633 1156 3703 opus
1177 3611 1229 3686 est

165 3707 338 3784 Ylittera
353 3707 389 3780 in
406 3707 513 3779 rebus
531 3708 722 3781 contrariis
739 3724 846 3800 atque
863 3710 1035 3784 diversis?
1060 3710 1129 3783 Sed
1141 3713 1229 3785 alte·

165 3829 208 3906 ra
222 3812 281 3881 illa
296 3807 424 3881 melior
441 3802 616 3878 conuersa
634 3809 684 3879 est
707 3809 751 3880 ad
763 3807 845 3881 solis
864 3825 1003 3903 ortum,
1032 3813 1144 3884 altera
1169 3814 1229 3888 illa

165 3908 327 3984 deterior
342 3906 384 3978 ad
402 3904 586 3993 occasum;
614 3909 780 3997 qnoniam
800 3911 858 3999 qui
874 3912 1065 3983 veritatem
1080 3912 1227 4003 acjusti·

164 4013 253 4083 tiam
266 4005 438 4099 sequitur,
455 4007 485 4078 is
504 4021 658 4102 accepto
676 4009 954 4087 immortalitatis
968 4012 1132 4107 praemio,
1148 4033 1230 4104 per·

989 4147 1022 4154 ··
1089 4129 1174 4184 enm
