2825 4709
217 324 736 467 mulinaslmcrmn
761 363 917 426 ortua
934 310 1180 458 lucr-arur,

213 511 577 614 „Non‘errabimus,
602 510 856 607 fidixerimus,
881 509 1139 608 philosophiam
1149 515 1277 593 ossele·

126 644 129 650 ¹
153 641 156 647 ·
183 701 187 708 ,
215 635 331 712 „gem
348 617 442 687 bene
461 611 681 706 honesteque
694 612 855 687 vivendi.
894 612 942 686 Et
960 617 1017 706 qui
1035 614 1162 688 dixerit
1176 619 1275 697 illam

101 774 106 781 .
215 716 411 810 „regulam
434 714 536 802 uitae,
563 706 723 783 suumilli
741 712 941 806 reddidit„
993 711 1179 807 Hicplane
1197 740 1276 793 non

214 811 372 907 respexit
394 810 436 884 ad
455 831 647 908 commune
661 808 896 906 philosophiae
911 833 1067 901 nomen,
1091 835 1167 904 quae
1191 838 1273 895 cum
1300 869 1301 872 ,

214 913 259 989 sit
272 916 308 987 in
325 914 444 1007 piures
461 907 568 983 sectas
582 904 852 1002 disciplinasque
867 908 1011 1002 diffusa,
1038 912 1196 1005 nihilque
1214 918 1274 989 ha·

177 1079 184 1093 .
214 1013 300 1087 beat
314 1012 424 1103 certi,
448 1011 535 1084 nihil
547 1010 721 1100 denique,
749 1007 792 1083 de
810 1030 882 1101 quo
899 1010 1052 1084 universi
1071 1029 1275 1091 unamente

212 1131 256 1186 ac
283 1106 657 1200 voceconsentiant,
689 1110 774 1201 quid
801 1107 919 1203 potest
945 1108 1013 1184 esse
1039 1125 1111 1186 tam
1137 1111 1274 1209 salsum,

213 1232 318 1303 quam
336 1212 492 1307 regulam
511 1208 596 1279 vitae
611 1204 871 1304 philosophiam
886 1211 1084 1304 nominari,
1102 1214 1138 1284 in
1147 1235 1214 1305 qua
1224 1215 1274 1286 di·

213 1312 361 1384 certitas
378 1320 642 1405 praceptorum
657 1306 793 1398 retium
806 1309 874 1382 iter
889 1312 1071 1404 impediat,
1081 1313 1114 1384 u
1124 1310 1272 1388 turbet?

170 1421 183 1501 ᾗ
212 1427 274 1484 aut
289 1414 404 1508 legem
419 1411 512 1481 bene
527 1407 691 1500 vivendi,
702 1409 802 1500 cujus
818 1411 933 1503 capita
946 1412 1055 1507 longe
1066 1404 1272 1487 dissonanti

211 1525 273 1584 eut
287 1507 469 1583 scientiam
486 1506 571 1580 vitae
586 1508 744 1603 agendae,
753 1510 790 1581 in
806 1527 875 1601 qua
890 1510 978 1604 nihii
995 1513 1087 1583 aliud
1103 1505 1270 1606 eflicitur,

212 1609 394 1684 contraria
410 1605 507 1704 ,sae'pe
533 1605 711 1698 dicendo,
747 1628 850 1699 quam
877 1624 917 1682 ut
942 1630 1051 1682 nemo
1078 1611 1271 1704 quidquam

209 1708 323 1786 sciat?
376 1709 510 1807 Quaero
528 1708 643 1795 enim,
667 1720 835 1780 utrumne
861 1703 1089 1783 Academiam
1103 1710 1271 1803 philoso-

207 1817 327 1907 phiam
341 1820 446 1902 putet
462 1804 553 1897 esse,
577 1826 620 1877 un
634 1802 737 1878 non?
762 1803 986 1903 Negatutum
1003 1830 1078 1881 non
1095 1812 1270 1887 arbitror:

106 1916 109 1920 ’
209 1911 309 2007 quod
325 1909 348 1983 sr
364 1907 433 1997 est,
459 1905 545 1979 nihii
561 1922 648 2001 ergo
666 1905 809 1980 illorum
829 1908 924 1980 cadit
938 1907 973 1979 in
990 1906 1268 2004 philosophiam,

206 2033 287 2104 qua
301 2009 422 2083 omnia
434 2002 551 2102 reddit
563 2006 718 2080 incerta.
745 1995 860 2102 legem
870 2009 1040 2104 abrogat,
1069 2024 1179 2083 artem
1191 2012 1271 2083 nul·

207 2113 278 2187 lam
302 2122 426 2204 putat,
458 2105 637 2177 rationem
662 2102 859 2197 subvertit,
895 2108 1051 2201 tegulam
1077 2107 1267 2203 depravat,

208 2210 390 2288 scientiam
406 2201 567 2280 funditus
582 2204 690 2279 tollit.
728 2200 826 2278 Falsa
843 2207 950 2303 igitur
964 2207 1022 2279 illa
1039 2198 1174 2296 omnia,
1185 2211 1268 2301 quia

172 2361 174 2366 ,
199 2312 245 2386 dn
262 2330 337 2384 rem
355 2305 490 2401 semper
504 2304 675 2377 incertam
691 2301 729 2382 dr.
742 2301 952 2379 adhucnihil
961 2308 1199 2401 explicantem
1211 2330 1268 2382 ca·

205 2409 292 2484 dere
307 2428 383 2481 non
400 2403 555 2498 possunt.
606 2399 715 2475 Nulla
740 2404 860 2496 itaque
884 2407 1001 2496 ratio,
1030 2407 1088 2478 vel
1107 2402 1266 2501 scientia,

204 2512 339 2583 vellen
356 2510 450 2579 bene
467 2502 632 2591 vivendi,
647 2501 707 2576 nisr
723 2503 759 2575 in
775 2504 841 2577 hac
856 2508 973 2584 unica,
992 2505 1022 2576 dr
1040 2525 1137 2596 vera,
1155 2508 1268 2579 &cue-

204 2608 283 2684 l'esti
305 2603 472 2701 sapientia
495 2601 689 2676 constituta
711 2601 785 2695 est,
812 2624 888 2697 quae
905 2598 1125 2697 philosophis
1144 2602 1263 2679 suerat

108 2776 111 2780 .
207 2708 344 2805 ignota.
372 2706 465 2776 Nam
481 2704 541 2774 illa
556 2715 720 2793 terrena,
748 2704 914 2793 quoniam
931 2700 1013 2776 falsa
1030 2698 1267 2798 est,srtvaria,

120 2815 124 2829 ’
204 2804 456 2899 &multiplex‚
481 2797 614 2889 sibique
629 2814 708 2872 tota
725 2805 905 2874 contraria
920 2802 981 2877 est.
1015 2798 1159 2877 Etstcut
1168 2825 1260 2877 unus

109 2937 114 2955 ·
205 2904 257 2979 est
278 2901 380 2995 hujus
399 2899 520 2973 mundi
539 2897 756 2970 constitutor
771 2902 803 2972 u
817 2900 933 2975 rector
948 2903 1066 2993 Deus,
1084 2921 1153 2975 una
1170 2906 1265 2976 veri·

198 3003 281 3079 'tart‘
304 3004 353 3075 ita
367 3009 471 3085 un'am
487 2993 555 3072 else
571 3017 612 3069 ac
626 2997 816 3091 srmplicem
831 2999 1031 3094 sapientiam
1045 2998 1183 3075 neccsse
1198 3004 1264 3097 est,

141 3173 143 3176 ,
204 3104 286 3197 quia
307 3099 473 3194 quidquid
491 3097 540 3171 est
556 3117 697 3188 verum,
714 3098 920 3191 achonum,
937 3098 971 3172 id
984 3100 1176 3193 perfedlum
1193 3100 1265 3176 eise

203 3224 281 3277 non
296 3200 436 3300 potest,
463 3198 524 3271 rn'sr
543 3194 652 3269 suerit
665 3197 847 3293 singulare.
875 3196 1262 3294 Quodsrphilosuphia

201 3307 315 3375 vitam
332 3296 450 3395 posset
463 3294 648 3388 instruere,
660 3298 745 3369 nulli
764 3296 835 3391 alii,
851 3296 913 3372 nisi
928 3297 1131 3393 philosophi
1149 3297 1263 3376 essent

200 3400 313 3493 boni,
341 3401 374 3473 dt
390 3400 448 3492 qui
464 3417 540 3470 eam
556 3417 631 3468 non
647 3392 865 3488 didicissent,
892 3393 1003 3471 essent
1027 3399 1153 3471 omnei
1178 3396 1265 3473 sem·

200 3521 267 3594 per
284 3502 375 3575 mali.
427 3493 518 3571 Cum
535 3515 628 3567 vero
643 3495 917 3570 innumerabiles
933 3494 1106 3590 existant,
1135 3496 1265 3573 &sem-

154 3645 156 3652 ·
199 3621 265 3696 per
283 3600 486 3687 extiterint,
513 3595 573 3687 qui
589 3592 677 3686 sint,
704 3613 766 3669 aut
782 3594 913 3669 suerint
929 3597 1001 3671 fine
1018 3600 1087 3686 ulla
1099 3597 1265 3675 dotlrina

118 3749 120 3752 -
200 3700 312 3790 boni,
338 3716 383 3772 en
398 3690 616 3792 philosophis
632 3707 750 3768 autem
765 3713 913 3789 perraro
930 3696 1052 3789 suerit,
1062 3700 1120 3789 qui
1130 3696 1265 3790 aliquid

172 3887 174 3891 y
197 3796 235 3872 in
251 3800 328 3872 vita
345 3798 471 3871 fecerit
485 3794 589 3867 laude
603 3793 766 3888 dignum,
787 3799 864 3887 quis
881 3793 931 3870 est
947 3799 1100 3884 tandem,
1113 3798 1265 3889 quinon

150 3957 155 3977 ,
196 3897 341 3981 videat,
369 3919 432 3970 eos
451 3894 614 3968 homines
631 3894 788 3970 virtutis,
807 3917 875 3986 qua
890 3896 950 3992 ipsi
969 3910 1087 3995 egent,
1102 3918 1176 3969 non
1190 3896 1265 3973 effe

114 4008 139 4021 ·
186 3994 396 4094 doctoresl
429 3991 568 4074 Natali
582 3992 846 4087 quitinmores
860 4012 987 4074 eorum
1003 3998 1192 4096 diligenter
1208 3998 1267 4075 in·

152 4077 271 4239 fl
338 4147 373 4190 ‚2
1130 4095 1209 4189 qur·
