2825 4709
334 371 989 482 annumeratum
1158 409 1233 506 339
1311 493 1314 498 1

168 548 309 624 rebant
341 543 564 639 Responderi
579 544 673 618 enim
688 544 806 639 posset
822 548 865 620 ab
882 500 1127 640 audientibus,
1151 544 1232 632 uon
1294 603 1297 607 ι

168 645 286 744 posse
277 663 328 718 ιιι
336 643 526 734 vrvr,licut
539 644 590 716 illi
606 640 665 716 sua
679 644 921 737 disputatione
935 646 1228 740 presumerent,

139 748 261 821 adeo
277 761 319 818 ut
334 745 422 818 nulli
436 742 552 816 adhuc
568 744 767 837 extiterint,
777 767 836 837 qur
827 746 1013 842 idgenus
1010 749 1096 820 vitae
1110 747 1234 868 sequfe·

165 862 304 925 rentur.
354 842 437 915 Nos
454 858 571 916 autern
587 864 663 915 non
679 846 800 918 verbis·
815 847 959 937 modo,
970 845 1031 934 sed
1048 849 1153 921 etiarn
1169 843 1234 922 eir
1329 847 1331 852 ’

169 948 294 1040 emplis
314 964 360 1015 ex
374 962 467 1014 vero
479 929 615 1037 petrus,
626 964 715 1016 vera
729 943 797 1017 elle
798 947 1039 1043 quaeanobrs
1049 949 1233 1038 dicuntur,

168 1044 398 1117 ostendimus
447 1040 583 1115 Senlit
574 1044 680 1137 igitur
697 997 919 1137 Carneades,
946 1067 1023 1136 quae
1042 1047 1083 1119 fit
1099 1064 1231 1122 natura

166 1144 326 1237 justitiae,
343 1140 404 1214 nist
421 1140 519 1233 quod
534 1162 656 1234 parum
670 1143 741 1215 alte
758 1141 948 1236 perspexit,
958 1143 1232 1220 stultitiamnon·

171 1241 258 1316 else:
285 1262 482 1333 quanquam
497 1240 696 1336 intelligere
711 1243 793 1322 milli
811 1243 959 1331 videor,
986 1243 1232 1336 quarnenteid

169 1341 308 1417 fecerit.
339 1339 429 1413 Non
444 1339 536 1412 enirn
552 1360 640 1411 vere
655 1340 885 1413 existimauit
884 1365 964 1415 eum
979 1342 1122 1418 stultum
1142 1341 1228 1440 else,

171 1463 230 1534 qur
223 1438 352 1534 justus
368 1438 427 1512 srt.
452 1435 511 1511 sed
527 1459 607 1510 cum
622 1435 728 1511 sciret
741 1459 816 1511 non
832 1438 921 1532 else,
948 1442 1167 1516 &rationem
1177 1459 1230 1516 ta·

168 1563 272 1631 men,
289 1560 352 1610 cur
368 1540 417 1610 ita
433 1538 639 1628 videretur,
656 1559 732 1610 non
749 1539 1085 1632 comprehenderet,
1108 1542 1230 1620 voluit

171 1639 380 1728 ostendere,
406 1638 573 1710 laterem
591 1637 714 1720 abdito
736 1639 948 1728 veritatem3
975 1653 1017 1713 ut
1042 1639 1235 1718 decretum

171 1738 360 1831 disciplina
381 1736 448 1810 suae
468 1749 652 1820 tueretur,
678 1736 801 1828 cujus
798 1734 938 1814 summa
960 1723 1133 1854 sententia
1157 1739 1228 1814 est:

171 1837 293 1913 Νιιιιι
317 1856 462 1909 eruerer
487 1855 607 1912 rossa.
789 1893 794 1898 .

245 1936 441 2008 Videamus
463 1955 571 2029 ergo,
592 1948 764 2008 utrumne
787 1931 918 2027 justitia
943 1935 1057 2010 fredus
1083 1934 1229 2027 aliquod

172 2036 307 2109 habere
322 2054 401 2105 cum
419 2032 564 2104 stultitia
581 2033 693 2123 polsrt
719 2032 988 2127 Justus,inquit,
997 2036 1091 2109 sraut
1099 2058 1232 2127 equum

173 2134 315 2220 saucio,
343 2145 405 2202 aut
421 2131 575 2202 tabulam
588 2130 762 2228 naufrago
779 2153 855 2205 non
873 2134 1062 2225 ademerit,
1088 2150 1130 2207 ut
1156 2134 1230 2227 ipse

173 2232 322 2304 animam
340 2228 432 2302 suam
450 2230 602 2321 liberet,
628 2228 753 2318 stultus
770 2230 831 2305 cst
884 2223 1036 2306 Primum
1053 2235 1228 2328 omnium,

172 2352 268 2426 nego
290 2330 367 2402 ullo
391 2328 503 2402 modo
528 2282 606 2402 fier’i
622 2329 742 2422 posse,
769 2346 811 2401 ut
828 2332 984 2444 homini,
1010 2334 1070 2425 qui
1088 2334 1230 2423 quidem

172 2451 263 2504 vere
277 2428 468 2522 justussrt,
494 2427 668 2542 ejusmodi
695 2429 792 2501 casus
818 2429 986 2520 eveniat;
1014 2431 1094 2521 quia
1117 2431 1229 2521 justus

172 2551 291 2621 neque
316 2531 479 2619 cuiquam
504 2542 591 2598 nato
614 2526 777 2599 inimicus
800 2526 870 2616 est,
895 2549 1012 2619 neque
1039 2529 1227 2620 quidquam
1253 2565 1260 2583 1

172 2631 322 2714 omniuo
338 2627 475 2719 appetit
488 2626 650 2699 alienum
677 2624 750 2698 Cur
765 2625 858 2699 enirn
875 2628 1043 2720 naviget,
1070 2644 1131 2699 aut
1146 2627 1231 2718 quid

172 2743 274 2822 petat
288 2746 334 2801 ex
349 2727 469 2798 aliena
479 2740 594 2814 terra,
621 2746 680 2796 cur
669 2721 819 2797 sufficit
835 2722 919 2796 sua?
947 2723 1019 2798 Cur
1029 2740 1145 2798 eutem
1148 2727 1229 2802 bel

172 2829 319 2924 ligeret,
346 2845 388 2897 ac
404 2823 437 2897 se
453 2824 573 2896 alienis
589 2822 772 2896 furoribus
788 2821 951 2914 misceat,
977 2825 1013 2897 in
1035 2826 1136 2898 errius
1157 2823 1232 2908 ani'·

172 2948 234 3018 pro
251 2945 320 3016 pax
338 2943 418 2997 curn
434 2922 638 2996 hominibus
657 2937 831 3018 perpetua
845 2917 1032 2997 versetur?
1078 2906 1229 3002 Scilicet

174 3022 370 3138 peregrinis
387 3022 585 3114 mercibus,
611 3037 673 3096 aut
687 3024 842 3098 humano
858 3019 1025 3136 sanguine
1041 3019 1232 3096 delectabi·
1326 3092 1331 3106 ‚

174 3137 253 3213 tur,
267 3123 325 3213 qui
339 3142 408 3195 nec
422 3123 560 3196 lucrum
574 3120 659 3194 sciat
674 3136 863 3215 appetere,
880 3124 934 3194 cui
953 3117 1116 3194 solllcit
1092 3120 1229 3212 titium
1252 3147 1257 3154 ·
1300 3143 1302 3148 ·

174 3221 211 3295 u
225 3241 300 3294 non
317 3220 480 3315 modoip
483 3219 516 3294 se
532 3221 662 3294 caedem
676 3221 816 3316 facere,
831 3218 900 3292 sed
918 3218 1081 3293 interesse
1097 3220 1232 3296 facien·

174 3322 287 3411 ubua,
301 3341 344 3393 ac
355 3245 510 3413 speciapre
525 3320 633 3393 ducat
647 3319 772 3393 nefas‘l
797 3318 866 3392 Sed
882 3320 1015 3392 omitto
1030 3317 1118 3407 ista,-
1142 3333 1234 3411 quo-

173 3421 269 3495 niam
283 3415 362 3492 fieri
379 3418 521 3514 potest,
541 3433 584 3501 ut
599 3422 659 3492 vel
675 3419 810 3491 invitus
830 3417 962 3491 adhaec
976 3416 1153 3490 subeunda
1168 3438 1231 3490 co·
1308 3477 1311 3484 .

173 3535 288 3615 gatur.
317 3519 470 3592 Adeone
486 3537 573 3614 ergo
586 3518 775 3611 justitiam,
800 3539 825 3590 o
840 3515 964 3608 Furi,
971 3519 1029 3589 vel
1044 3519 1188 3608 potius,
1205 3535 1230 3590 o

176 3617 378 3700 Carneade,
404 3617 503 3708 cuius
519 3616 641 3690 estilla
654 3620 770 3694 omnis
786 3617 879 3690 ratio
890 3618 1148 3709 tammonem,
1159 3630 1232 3690 tam

174 3713 855 3832 supervacuam,tamquecontemptam
869 3707 951 3787 Deo
965 3732 1083 3810 putas,
1097 3715 1234 3788 utnrlnl
1323 3772 1328 3778 .

174 3816 302 3909 possrt,
327 3817 487 3908 nihilque
502 3816 653 3889 habeat
643 3837 679 3888 rn
693 3813 785 3907 sese,
813 3813 911 3905 quod
925 3816 967 3887 ad
979 3811 1233 3885 cullodramsur

175 3914 324 3989 valeat?
350 3916 419 3989 Sed
428 3915 600 3989 videlicet
618 3936 676 4007 qur
668 3913 946 3988 sacramentum
961 3913 1140 3984 hominis
1130 3931 1235 4007 igno·

174 4030 280 4110 rant,
304 4014 462 4108 idepquc
487 4013 531 4088 ad
554 4014 649 4090 hauc
672 4015 786 4089 vitam
792 4015 1046 4114 temporalem
1070 4009 1234 4114 referunt

659 4101 741 4185 Υι
1052 4109 1226 4194 omma,
