2825 4709
179 345 253 446 3⁶⁶
276 295 406 422 mm
430 341 700 420 Laertem
721 333 873 418 nrvrn.
897 341 1139 424 tueamur.

179 511 365 610 suspicari,
377 520 438 578 aut
453 505 639 598 percipere
653 505 772 577 animo
790 502 952 598 possent,
979 507 1241 596 quaesmtbona

178 621 239 695 illa
254 607 425 698 coelestia,
451 623 604 694 quorum
629 605 928 702 magnitudinem,
955 623 1105 680 terreno
1124 610 1240 683 adhuc

180 733 339 808 corpore
363 705 555 796 obvoluti,
582 701 681 776 sensu
700 724 829 798 capere
847 726 923 778 non
938 704 1145 800 possumus,
1167 709 1239 800 jam

177 819 214 896 fe
226 835 309 888 cum
325 810 379 884 his
396 804 520 880 officiis
533 804 694 877 inanibus
701 803 913 878 stultillrmos
923 803 992 878 elle
1002 807 1237 902 cognoscant

175 917 251 993 Vel
268 913 294 987 fi
309 905 450 983 coeleste
465 907 607 994 lumen,
634 904 734 994 quod
749 905 898 978 dicimus
915 903 1046 998 solem,
1073 923 1238 982 contem-

178 1015 269 1116 plari
294 1012 428 1097 velint,
451 1005 522 1095 Jam
542 1003 712 1093 sentient,
739 1024 842 1095 quarn
859 1026 935 1078 non
950 1005 1110 1102 indigeat
1127 1011 1242 1082 lucer·

175 1121 233 1194 nis
246 1131 372 1188 eorum
385 1107 499 1194 Deus,
509 1106 567 1196 qui
584 1102 656 1196 ipse
673 1103 712 1174 in
728 1100 825 1176 usum
840 1105 991 1176 hominis
1005 1122 1076 1180 tam
1093 1108 1242 1203 claram,

175 1232 249 1292 tam
265 1207 448 1284 candidam
462 1204 578 1278 lucem
593 1202 702 1276 dedit.
728 1200 778 1274 Et
791 1217 909 1275 tamen
926 1225 1006 1278 curn
1021 1207 1057 1277 in
1075 1221 1151 1279 tam
1164 1229 1242 1302 par·

175 1337 230 1387 vo
243 1310 401 1396 circulo,
427 1307 486 1398 qui
504 1318 656 1397 propter
671 1304 967 1398 longinquitatem
983 1327 1057 1378 non
1069 1310 1242 1404 amplius,

177 1435 282 1507 quam
299 1408 442 1481 humani
456 1404 581 1496 capitis
602 1401 747 1476 videtur
763 1403 894 1476 habere
913 1401 1132 1495 mensuram,
1163 1425 1241 1479 tan·

176 1531 253 1590 tum
267 1511 309 1586 lit
322 1506 486 1602 fulgoris,
499 1518 538 1574 ut
557 1524 636 1575 eum
653 1503 856 1576 mortalium
873 1505 1041 1578 luminum
1054 1507 1153 1578 acies
1163 1529 1242 1581 non

175 1627 286 1708 queat
306 1608 493 1690 contueri;
520 1603 784 1694 &srpaulisper
798 1605 1013 1694 intenderis,
1041 1607 1241 1681 hebetatos

175 1716 307 1788 oculos
323 1707 438 1802 caligo
454 1725 495 1775 ac
510 1702 666 1774 tenebrae
682 1700 958 1793 consequantur:
986 1705 1069 1796 quid
1091 1709 1241 1780 tandem

173 1812 330 1890 luminis,
341 1805 424 1898 quid
440 1802 607 1876 claritatis
624 1800 717 1891 apud
733 1799 843 1891 ipsum
861 1803 992 1894 Deum,
1007 1825 1122 1897 penes
1132 1829 1239 1898 quem

173 1915 269 1989 nulla
287 1928 361 1980 nox
378 1903 445 1993 est,
472 1897 542 1973 else
559 1897 794 1973 arbitremur?
822 1903 879 1991 qui
898 1905 989 1974 hanc
1003 1903 1239 1996 ipsamlucem

173 2017 224 2089 -fie
238 2008 442 2084 moderatus
459 2000 530 2091 est,
555 2015 598 2072 ut
610 2021 727 2090 neque
743 2001 855 2072 nimio
871 2002 1028 2097 fulgore,
1046 2026 1166 2096 neque
1181 2027 1239 2079 ca·

172 2116 254 2190 lore
270 2103 476 2179 vehementi
492 2114 643 2172 noceret
658 2102 912 2188 animantibus3
941 2118 1151 2196 tantumque
1159 2105 1235 2176 ista·

172 2231 251 2284 rum
276 2226 394 2278 rerum
413 2201 511 2274 dedit
530 2200 585 2290 ei,
613 2215 784 2290 quantum
807 2214 869 2272 aut
888 2204 1054 2274 mortalia
1075 2225 1236 2296 corpora

172 2311 246 2405 pati
262 2304 423 2403 pollent,
450 2316 512 2374 aut
529 2299 670 2395 frugum
687 2302 869 2390 maturitas
886 2300 1091 2391 postularet.
1131 2303 1233 2377 Num

173 2413 282 2506 igitur
295 2405 423 2478 mentis
439 2399 506 2473 suae
522 2420 674 2490 compos
689 2399 865 2489 putandus
885 2398 957 2489 est,
986 2404 1044 2491 qui
1061 2406 1175 2472 autori
1196 2402 1231 2474 dc

172 2510 294 2592 datori
321 2503 461 2577 luminis
488 2499 712 2571 candelarum
735 2520 777 2570 ac
799 2519 957 2570 cerarum
981 2504 1096 2573 lumen
1119 2499 1234 2573 offert

172 2631 243 2706 pro
257 2600 430 2678 munere?
459 2599 566 2670 Aliud
582 2619 673 2670 vero
687 2598 747 2668 ille
760 2599 896 2670 anobis
913 2599 1023 2694 exigit
1040 2602 1177 2689 lumen,
1199 2601 1232 2673 &

173 2707 315 2801 quidem
342 2723 418 2774 non
444 2700 637 2787 fumidum,
665 2695 742 2788 sed,
771 2714 811 2769 ut
833 2699 881 2768 ait
903 2716 1032 2789 poeta,
1060 2701 1231 2792 liquidum

173 2822 281 2896 atque
297 2804 447 2881 clarum,
472 2799 599 2872 mentis
609 2796 763 2888 scilicet,
789 2812 940 2892 propter
959 2800 1057 2889 quod
1076 2822 1095 2871 a
1112 2801 1231 2892 poetis

171 2929 282 3001 φωτες
306 2918 575 2991 nuncupamur,
601 2897 698 2986 quod
717 2901 887 2969 exhibere
909 2920 984 2969 non
1001 2898 1138 2989 potest,
1166 2899 1231 2973 nifi

174 3007 234 3096 qui
251 3003 367 3076 Deum
387 2998 587 3095 agnoverit.
614 2996 761 3068 Illorum
782 3012 899 3069 autem
915 2996 988 3076 Dii,
1001 3001 1081 3087 quia
1096 3000 1231 3071 terreni
1258 3032 1266 3056 a

173 3105 272 3194 sunt,
300 3112 406 3195 egent
431 3097 644 3187 luminibus,
669 3117 715 3167 ne
731 3098 768 3167 in
786 3098 940 3168 tenebris
957 3098 1041 3169 sint:
1076 3121 1231 3190 quorum

171 3207 354 3291 cultores,
381 3198 461 3289 quia
476 3195 615 3268 coeleste
630 3195 716 3267 nihil
732 3193 889 3289 sapiunt,
907 3198 1012 3270 etiam
1021 3199 1229 3293 religiones,

173 3305 300 3397 quibus
317 3295 546 3385 deserviunt,
573 3296 615 3368 ad
634 3309 763 3366 terram
779 3310 969 3368 revocant.
1022 3298 1119 3369 lnea
1137 3301 1230 3369 enim

171 3404 404 3490 lumineopus
413 3396 476 3486 est,
485 3395 564 3486 quia
579 3394 673 3466 ratio
688 3397 763 3485 ejus
780 3395 813 3466 ἃ
828 3411 952 3468 natura
967 3396 1156 3469 tenebrosa
1168 3397 1227 3473 est.

170 3502 298 3593 ltaque
312 3499 390 3570 Diis
405 3517 480 3568 non
496 3493 670 3566 coelestem
690 3491 844 3582 sensum,
872 3494 928 3566 sed
950 3497 1140 3568 humanum
1163 3519 1229 3588 po·

170 3604 242 3674 tius
269 3600 479 3674 attribuunt.
530 3593 689 3685 ldeoque
704 3595 771 3666 illis
788 3594 977 3667 necessaria
992 3596 1023 3667 dt
1040 3614 1135 3690 grata
1153 3618 1230 3669 cre·

171 3651 262 3774 dun!
287 3695 378 3787 else,
406 3716 483 3785 quae
507 3694 636 3779 nobis;
662 3694 788 3783 quibus
806 3710 866 3764 aut
882 3692 1115 3767 esurientibus
1136 3718 1228 3779 obus

169 3799 222 3884 est
237 3802 342 3890 cibo,
370 3809 431 3868 aut
446 3793 644 3867 sitientibus
662 3807 776 3884 potu,
804 3809 865 3865 aut
887 3795 985 3872 veste
1009 3799 1229 3891 algentibus,

167 3915 231 3984 ¹uut
246 3920 328 3974 cum
344 3893 399 3972 sol
416 3891 620 3985 decesserit,
645 3893 802 3989 lumine,
827 3907 869 3966 ut
887 3895 1010 3968 videre
1026 3895 1205 3988 possimus.

1054 4091 1176 4168 Nullr's
