2825 4709
219 393 290 469 144
313 366 447 454 Fran
470 341 741 446 [actuaria
764 385 917 444 mura.
941 361 1184 449 luarrrur.

208 511 1281 591 ..βε-Μ

412 641 1068 759 caruana1uum

227 838 390 917 Writatr's
404 836 474 905 laus
487 830 526 910 (θ’
541 834 666 904 callario
681 853 752 900 cum
767 831 962 928 eloquentia3
989 857 1117 906 curram
1124 832 1281 925 trunsum

348 931 475 1031 affuturi
493 932 671 1029 Philosophi
677 951 692 1019 3
718 932 839 1029 defluit
847 934 975 1031 fimpliri
983 934 1150 1054 fircraram

627 1036 880 1129 Scripturarum.

331 1226 542 1323 ellemmihi‚
552 1230 697 1323 quando
712 1233 844 1305 veritas
858 1233 894 1304 in
910 1224 1064 1304 obscuro
1079 1232 1192 1303 latere
1208 1230 1285 1304 exi·

221 1237 329 1473 V
355 1332 536 1420 stimatur‚
560 1332 620 1403 vel
636 1349 762 1403 errore
779 1347 885 1422 atque
902 1331 1077 1423 imperitia
1093 1333 1206 1427 vulgi,
1222 1353 1286 1402 va·

355 1433 416 1503 riis
444 1431 477 1503 o
503 1430 634 1522 ineptis
657 1427 962 1525 superstitionibus
988 1427 1195 1521 servientis,
1222 1433 1287 1504 vel

223 1530 449 1635 philosophis
468 1532 648 1623 pravitate
658 1531 884 1627 ingeniorum
895 1529 1209 1604 turbantibuseam
1220 1553 1288 1623 po·
1316 1590 1319 1595 .

112 1643 114 1648 '
226 1639 322 1724 tius,
350 1653 452 1724 quam
469 1625 744 1722 illustrantibus,
770 1630 832 1703 etsi
855 1651 930 1703 non
955 1631 1064 1721 qualis
1091 1632 1126 1703 in
1152 1631 1286 1704 Marco

225 1731 354 1814 Tullio
370 1730 543 1820 fuit,quia
560 1730 737 1823 praecipua
756 1731 788 1801 δι
808 1727 1019 1803 admirabilis
1041 1730 1121 1820 fuit,
1135 1730 1287 1819 aliquam

225 1849 348 1910 tamen
372 1830 570 1923 proximam
588 1829 803 1922 eloquentiae
824 1829 1035 1925 contingere
1056 1829 1287 1917 facultatem

226 1948 271 2008 ut
288 1946 457 2023 quantum
479 1928 613 1999 veritas
635 1928 672 1998 vi
692 1926 751 2000 sua
768 1928 915 2022 propria
932 1931 1050 2021 valet,
1077 1942 1215 2000 tantum
1233 1931 1287 2001 in·

228 2033 324 2131 genii
341 2048 486 2119 quoque
501 2027 635 2099 viribus
650 2028 757 2121 nixa,
784 2041 949 2101 exereret
962 2025 996 2101 se
1015 2030 1224 2121 aliquando,
1251 2028 1287 2101 δι

227 2128 390 2220 distulis,
401 2124 650 2217 convitiisque
665 2142 737 2199 tarn
757 2130 928 2223 publicis,
957 2148 1058 2219 quam
1072 2148 1211 2219 eorum,
1227 2128 1289 2219 qui

227 2231 403 2324 sapientes
416 2240 610 2321 putantur,
636 2226 842 2321 erroribus,
861 2228 1024 2306 'humano
1040 2226 1160 2323 generi
1177 2227 1291 2301 claris-

228 2332 351 2411 fimum
367 2326 487 2401 lumen
504 2323 663 2400 inferret.
713 2325 825 2425 Quod
841 2324 980 2420 quidem
997 2324 1131 2399 duabus
1148 2348 1191 2399 ex
1209 2349 1290 2400 cau·

229 2433 273 2513 fis
291 2420 366 2503 fieri
379 2427 526 2499 vellem:
556 2427 613 2497 vel
633 2426 730 2517 quod
744 2430 850 2521 magis
865 2422 1005 2519 possent
1020 2428 1163 2498 credere
1175 2427 1291 2501 homi·

230 2548 296 2609 nes
324 2540 459 2602 ornata
484 2524 652 2615 veritati,
686 2528 746 2617 qui
773 2529 877 2598 etiam
901 2526 1089 2600 mendacio
1118 2527 1290 2620 credunt,

234 2631 329 2722 capti
347 2629 523 2699 orationis
544 2638 693 2714 ornatu,
722 2626 977 2716 lenocinioque
987 2628 1203 2713 verborum3
1229 2630 1291 2700 vel

234 2746 353 2815 cette,
379 2740 421 2794 ut
437 2726 496 2814 ipsi
518 2724 719 2814 philosophi
740 2721 807 2796 suis
830 2728 933 2799 armis
953 2727 1188 2818 pontinum,
1216 2730 1291 2817 qui·

232 2831 299 2902 bus
319 2828 461 2917 placere
477 2823 586 2894 libi&
603 2820 789 2896 confidere
802 2826 938 2919 solent,
968 2831 1255 2919 opprimerentur
1270 2849 1291 2899 a

230 2925 350 3006 nobis.

228 3069 231 3098 r
307 3020 376 3095 Sed
397 3018 565 3111 quoniam
585 3018 684 3093 Deus
705 3017 798 3093 hanc
818 3022 939 3094 voluit
955 3026 1005 3096 rei
1028 3020 1096 3096 csse
1113 3038 1290 3121 naturam,

103 3203 105 3207 ,
232 3140 276 3201 ut
290 3123 434 3213 simplex
454 3120 487 3191 ἂ
506 3121 600 3193 nuda
617 3115 750 3193 veritas
772 3120 857 3193 ellat
874 3125 1113 3213 luculentior,
1142 3129 1220 3213 quia
1245 3124 1293 3199 sa·

232 3230 280 3302 tis
297 3237 423 3296 ornata
442 3238 506 3312 per
528 3216 562 3291 se
583 3220 646 3310 est,
670 3219 825 3312 ideoque
841 3230 1058 3296 ornamentis
1074 3226 1294 3300 extrinlecus

235 3324 362 3399 additis
383 3320 504 3394 fucata
522 3321 784 3414 corrumpitur,
815 3323 1036 3396 mendacium
1062 3345 1151 3395 vero
1174 3320 1294 3414 specle

234 3428 396 3521 placeret
413 3421 545 3511 aliena,
573 3421 654 3511 quia
679 3415 800 3512 perse
826 3439 1036 3512 corruptum
1063 3420 1221 3495 vanescit
1249 3448 1295 3499 ac

235 3520 445 3601 diffluit‚nisr
463 3536 593 3592 ornatu
608 3516 749 3591 aliunde
765 3521 908 3611 qutesrtn
931 3523 1166 3596 circumlitum
1182 3522 1296 3600 fuerit

235 3643 279 3701 ac
298 3623 471 3717 politum:
497 3640 600 3710 aquo
621 3618 739 3691 animo
757 3613 851 3712 fero,
865 3617 1046 3717 ingenium
1061 3623 1144 3696 mihi
1159 3626 1296 3697 medio-

235 3746 297 3799 cre
314 3716 414 3798 fuisse
434 3717 647 3794 concellum.
698 3715 838 3793 Verum
864 3742 933 3817 ego
963 3744 1036 3797 non
1063 3727 1295 3822 eloquentiae,

234 3824 295 3902 sed
315 3822 476 3896 veritatis
491 3814 621 3890 fiducia
637 3810 769 3911 suscepi
784 3818 856 3892 hoc
874 3842 981 3915 opus,
999 3821 1144 3896 fortalle
1168 3829 1296 3923 majus,

235 3944 340 4017 quam
367 3934 408 3993 ut
427 3918 530 4012 polilt
551 3919 638 3995 meis
661 3917 796 3992 viribus
817 3917 989 3998 sustineri:
1026 3923 1123 4012 quod
1151 3939 1295 4021 tamen,

232 4021 368 4103 aarum
387 4041 457 4123 ego
477 4016 697 4119 defecerim,
720 4018 829 4122 Deo,
852 4021 953 4118 cujus
975 4022 1033 4103 est.
1048 4022 1122 4098 lroc
1140 4044 1296 4125 munus,

1146 4122 1245 4215 adra·
1323 4135 1331 4262 p
