2825 4709
171 383 246 504 1⁴·9'4¹
268 375 402 479 triu.
424 349 700 488 frenaretur
716 367 872 466 'nrum
897 349 1139 471 lnrr'rrnt.

176 563 314 644 miilimo
330 557 426 634 didio
445 555 575 634 exinde
589 566 760 652 appetet,
785 547 886 645 quod
903 549 1034 646 adiecit
1050 551 1182 644 aliquid
1196 551 1249 648 dg

176 663 267 754 suo,
286 673 328 734 ut
341 673 499 734 ornaret.
527 659 662 754 Quoto
680 656 812 750 igitur,
834 653 894 724 cui
907 651 978 726 elie
990 655 1165 745 optimum
1177 673 1247 750 pu·

177 777 235 840 tet
249 781 325 838 non
345 757 461 852 nasci,
486 763 573 848 etim¹
593 755 636 829 stt
660 755 779 830 nullus
807 752 981 845 omnino,
1008 752 1076 845 qui.
1093 749 1243 834 sentiat:

176 884 259 940 nam
275 875 317 936 ut
335 857 529 936 bonum'lit
544 853 697 948 aliquid,
723 865 785 926 aut
806 851 958 944 malum,
982 849 1099 926 sensus
1120 851 1241 930 efficit.

176 947 337 1054 Deinde,
353 979 418 1034 cur
431 953 575 1046 omnim
596 954 706 1028 vitam
721 951 809 1026 nihil
824 950 921 1026 aliud
937 949 1026 1047 else,
1053 951 1241 1044 quamsco-

177 1065 286 1160 pulos
302 1060 336 1136 dr
352 1059 557 1142 incendium
574 1053 780 1148 putaverim
806 1049 898 1144 quali
913 1065 974 1125 aut
984 1053 1021 1125 in
1034 1053 1156 1126 nostra
1163 1053 1243 1128 fue·

175 1163 227 1236 rit
239 1158 441 1258 potestate,
467 1177 515 1232 ne
529 1153 773 1244 nasceremur,
799 1161 861 1224 aut
877 1151 989 1226 vitam
1005 1149 1245 1228 nobisfortu·

176 1251 392 1354 natribuat,
420 1277 496 1332 non
513 1255 635 1344 Deus,
668 1265 732 1328 aut
754 1249 906 1327 vivendi
927 1252 1022 1326 ratio
1048 1252 1243 1347 quidquam

176 1349 287 1440 unite
298 1359 472 1446 ¹incendio
487 1355 622 1432 habere
638 1351 816 1432 videatur.

253 1457 345 1534 Non
368 1455 524 1534 diiiimilo
545 1453 704 1530 Platonis
726 1451 814 1526 illud
829 1445 902 1546 est,
918 1449 1025 1544 quod
1040 1451 1181 1548 ajebat,
1206 1449 1245 1528 se

224 1559 312 1634 rtias
329 1576 435 1656 agere
450 1569 603 1631 nature:
628 1551 804 1642 Primum,
830 1551 930 1644 quod
944 1552 1057 1626 homo
1072 1566 1177 1626 natus
1193 1551 1245 1652 es·

176 1579 233 1734 fga
248 1659 394 1754 potius,
419 1677 523 1752 quam
537 1665 673 1728 mutum
691 1651 839 1738 animal;
866 1649 1031 1742 Deinde,
1048 1653 1147 1743 quod
1165 1673 1241 1729 mas

178 1759 432 1854 ponugquam
448 1752 611 1837 ioemina3
637 1748 737 1839 quod
750 1743 912 1841 Graecus,
927 1768 1031 1840 quarn
1040 1749 1240 1842 Barbarum

178 1855 389 1948 Postremo,
415 1850 513 1943 quod
523 1845 810 1941 Athenienfis,dc
824 1848 924 1942 quod
937 1852 1161 1945 temporibus
1172 1851 1241 1926 So·

179 1961 299 2034 cratis.
325 1945 631 2041 Dicinoopotelh
645 1951 814 2042 quantam
830 1947 1008 2022 mentibus
1025 1952 1239 2047 caecitatem,

181 2071 404 2152 quantosque
423 2047 539 2140 pariat
556 2059 701 2122 errores
723 2048 905 2144 ignoratio
927 2051 1102 2127 veritatis.
1153 2049 1236 2150 Ego

178 2157 283 2252 plane
296 2145 568 2237 contenderim,
594 2167 774 2239 nunquarn
798 2147 989 2240 quidquam
1013 2148 1142 2224 dicium
1158 2150 1242 2230 else

177 2258 215 2332 in
231 2239 336 2324 rebus
351 2247 513 2320 humanis
535 2245 692 2328 delirius.
719 2245 827 2344 Quali
838 2246 1240 2346 ver'ofiantBarbarus,

178 2365 240 2429 aut
254 2347 401 2437 mulier,
425 2358 490 2416 aut
505 2345 619 2418 asinus
636 2344 789 2437 denique
806 2361 910 2419 natus
926 2344 1033 2440 esset,
1058 2351 1151 2424 idem
1163 2350 1240 2443 ipse

178 2453 279 2528 Plato
304 2441 414 2537 eliet,
435 2465 477 2516 ac
496 2458 572 2517 non
588 2443 699 2539 ipsum
718 2445 824 2538 illud,
849 2446 948 2539 quod
965 2462 1088 2523 natum
1106 2447 1248 2532 fuiffet,

176 2547 246 2624 Sed
262 2544 432 2616 videlicet
447 2542 660 2641 Pythagorae
676 2545 850 2639 credidit,
877 2547 936 2640 qui
953 2563 995 2622 ut
1013 2564 1155 2623 vetaret
1170 2552 1239 2626 ho·

174 2635 286 2728 mites
305 2645 509 2716 animalibus
528 2642 646 2737 vesci,
675 2643 785 2739 dixit,
812 2647 942 2720 animas
957 2648 1002 2721 de
1018 2652 1237 2742 corporibus

175 2751 213 2824 in
226 2743 379 2815 aliorum
398 2742 598 2815 animalium
612 2764 770 2838 corpora
785 2766 1007 2821 commeare:
1024 2749 1123 2841 quod
1134 2750 1240 2825 &va-

175 2863 259 2922 ntmr
272 2841 307 2913 dt
323 2840 533 2932 impoiiibile
546 2840 608 2915 est
634 2843 793 2936 Vanum,
809 2849 890 2937 quia
906 2846 1046 2921 necesse
1061 2870 1137 2923 non
1152 2849 1238 2948 fuit,

174 2937 319 3018 v'etetes
334 2942 466 3042 animas
482 2940 634 3013 innova
649 2962 806 3035 corpora
823 2944 1015 3039 inducere,
1043 2949 1122 3024 cum'
1140 2950 1238 3027 idem

128 3037 130 3042 ’
175 3038 328 3136 artifex,
352 3040 412 3132 qni
431 3040 560 3133 primas
579 3041 769 3134 aliquando
791 3044 952 3138 fecerat,
978 3035 1241 3140 potueritseml

172 3151 238 3236 pet
254 3157 375 3213 novas
396 3137 526 3215 facere.
549 3139 865 3237 Impollibile,quia
883 3145 987 3219 rediae
1002 3150 1153 3224 rationis
1165 3153 1240 3224 ani·

171 3259 228 3314 ma
247 3252 320 3313 tam
336 3240 524 3314 immutare
539 3256 700 3317 namnam
715 3241 824 3316 status
840 3242 890 3316 sui
901 3266 978 3340 non
995 3249 1241 3343 potest,quam

170 3321 262 3432 ignis
280 3351 342 3412 aut
359 3339 524 3430 deorsum
541 3342 627 3436 niti,
655 3354 717 3413 aut
733 3345 769 3416 in
786 3345 1054 3440 transversum,
1080 3346 1241 3436 fluminis

168 3438 305 3530 modo,
323 3435 770 3518 flammamluamfundere.
803 3440 1029 3519 Existimavit
1044 3448 1152 3543 igitur
1170 3450 1238 3538 ho·

169 3555 232 3609 mo
252 3535 411 3632 sapiens,
438 3536 592 3632 potuiffe
610 3535 710 3632 fieri,
737 3556 779 3616 ut
796 3544 935 3638 anima,
963 3567 1041 3638 quae
1053 3559 1141 3621 tunc
1157 3559 1241 3624 erat'

169 3636 206 3708 in
226 3634 399 3729 Platone,
426 3638 463 3710 in
484 3631 629 3730 aliquod
656 3644 796 3718 mutum
819 3644 947 3719 animal
973 3648 1243 3744 includeretur,

170 3734 329 3828 elietque
340 3738 497 3812 humano
516 3735 615 3811 sensu
632 3741 801 3836 praedita,
829 3759 870 3817 ut
885 3744 1103 3843 intelligeret
1119 3769 1160 3821 ac
1172 3747 1241 3824 doi

170 3834 265 3942 leret
281 3837 535 3936 incongruenti
553 3835 588 3911 se
603 3858 763 3934 corpore
778 3861 977 3922 oneratam.
1016 3849 1168 3945 Quanto
1189 3848 1241 3924 sa·

167 3935 248 4008 nius
262 3934 414 4028 iaceret,
430 3937 455 4011 fi
469 3939 599 4036 gratias
617 3959 722 4037 agere
737 3939 772 4016 se
788 3943 943 4029 diceret,
961 3948 1059 4037 quod
1075 3948 1242 4045 ingenio·

128 4067 148 4136 Ι·
166 4028 247 4130 sus,
263 4039 373 4131 ¹quod
389 4035 517 4114 docilis
533 4050 638 4114 natus
655 4036 763 4137 effer,
789 4044 891 4137 quod
903 4044 941 4120 in
955 4047 999 4120 iis
1014 4047 1169 4223 opibfitbs,
1182 4061 1242 4125 ur

1145 4171 1184 4224 ο·
