<?xml version="1.0" encoding="UTF-8"?>
<!DOCTYPE html PUBLIC "-//W3C//DTD XHTML 1.0 Transitional//EN"
    "http://www.w3.org/TR/xhtml1/DTD/xhtml1-transitional.dtd">
<html xmlns="http://www.w3.org/1999/xhtml" xml:lang="en" lang="en">
 <head>
  <title>
</title>
<meta http-equiv="Content-Type" content="text/html;charset=utf-8" />
  <meta name='ocr-system' content='tesseract 3.04.00' />
  <meta name='ocr-capabilities' content='ocr_page ocr_carea ocr_par ocr_line ocrx_word'/>
</head>
<body>
  <div class='ocr_page' id='page_1' title='image "./operaomniasanct07librgoog_0509.png"; bbox 0 0 2825 4709; ppageno 0'>
   <div class='ocr_carea' id='block_1_1' title="bbox 325 311 1285 498">
    <p class='ocr_par' dir='ltr' id='par_1_1' title="bbox 325 311 1285 498">
     <span class='ocr_line' id='line_1_1' title="bbox 325 311 1285 498; baseline -0.011 -51"><span class='ocrx_word' id='word_1_1' title='bbox 325 311 500 446; x_wconf 74' lang='lat' dir='ltr'>-L&#39;rr&#39;rn</span> <span class='ocrx_word' id='word_1_2' title='bbox 523 365 600 488; x_wconf 84' lang='lat' dir='ltr'>Vl.</span> <span class='ocrx_word' id='word_1_3' title='bbox 625 386 687 443; x_wconf 75' lang='lat' dir='ltr'>nr</span> <span class='ocrx_word' id='word_1_4' title='bbox 711 386 841 498; x_wconf 72' lang='lat' dir='ltr'>uero</span> <span class='ocrx_word' id='word_1_5' title='bbox 867 362 1053 444; x_wconf 72' lang='lat' dir='ltr'>eatan.</span> <span class='ocrx_word' id='word_1_6' title='bbox 1154 381 1233 459; x_wconf 60' lang='grc' dir='ltr'>μς</span> <span class='ocrx_word' id='word_1_7' title='bbox 1260 330 1285 418; x_wconf 62' lang='lat'>⁵-</span> 
     </span>
    </p>
   </div>
   <div class='ocr_carea' id='block_1_2' title="bbox 151 524 1321 4132">
    <p class='ocr_par' dir='ltr' id='par_1_2' title="bbox 151 524 1317 2805">
     <span class='ocr_line' id='line_1_2' title="bbox 181 524 1278 621; baseline -0.005 -14"><span class='ocrx_word' id='word_1_8' title='bbox 181 534 274 607; x_wconf 87' lang='lat' dir='ltr'>enim</span> <span class='ocrx_word' id='word_1_9' title='bbox 289 551 366 606; x_wconf 91' lang='lat' dir='ltr'>non</span> <span class='ocrx_word' id='word_1_10' title='bbox 379 527 599 606; x_wconf 82' lang='lat' dir='ltr'>luxuriosum</span> <span class='ocrx_word' id='word_1_11' title='bbox 609 551 659 603; x_wconf 81' lang='lat' dir='ltr'>ac</span> <span class='ocrx_word' id='word_1_12' title='bbox 673 547 826 621; x_wconf 80' lang='lat' dir='ltr'>nequam</span> <span class='ocrx_word' id='word_1_13' title='bbox 841 538 946 620; x_wconf 88' lang='lat' dir='ltr'>putet</span> <span class='ocrx_word' id='word_1_14' title='bbox 959 546 1069 621; x_wconf 77' lang='lat' dir='ltr'>cum,</span> <span class='ocrx_word' id='word_1_15' title='bbox 1086 524 1146 619; x_wconf 90' lang='lat' dir='ltr'>qui</span> <span class='ocrx_word' id='word_1_16' title='bbox 1158 524 1238 619; x_wconf 53' lang='lat' dir='ltr'>sce*</span> <span class='ocrx_word' id='word_1_17' title='bbox 1275 539 1278 546; x_wconf 84' lang='lat'>&#39;</span> 
     </span>
     <span class='ocr_line' id='line_1_3' title="bbox 181 626 1291 719; baseline -0.004 -13"><span class='ocrx_word' id='word_1_18' title='bbox 181 637 279 707; x_wconf 79' lang='lat' dir='ltr'>nicar</span> <span class='ocrx_word' id='word_1_19' title='bbox 293 644 386 704; x_wconf 86' lang='lat' dir='ltr'>artes</span> <span class='ocrx_word' id='word_1_20' title='bbox 402 632 498 704; x_wconf 92' lang='lat' dir='ltr'>domi</span> <span class='ocrx_word' id='word_1_21' title='bbox 511 628 665 714; x_wconf 75' lang='lat' dir='ltr'>habeat?</span> <span class='ocrx_word' id='word_1_22' title='bbox 688 629 802 719; x_wconf 84' lang='lat' dir='ltr'>Atqui</span> <span class='ocrx_word' id='word_1_23' title='bbox 813 627 903 700; x_wconf 89' lang='lat' dir='ltr'>nihil</span> <span class='ocrx_word' id='word_1_24' title='bbox 917 626 1045 719; x_wconf 83' lang='lat' dir='ltr'>refert,</span> <span class='ocrx_word' id='word_1_25' title='bbox 1063 638 1231 701; x_wconf 87' lang='lat' dir='ltr'>utrumne</span> <span class='ocrx_word' id='word_1_26' title='bbox 1275 687 1291 702; x_wconf 69' lang='grc'>,</span> 
     </span>
     <span class='ocr_line' id='line_1_4' title="bbox 179 727 1231 821; baseline -0.006 -15"><span class='ocrx_word' id='word_1_27' title='bbox 179 733 356 817; x_wconf 81' lang='lat' dir='ltr'>luxuriam</span> <span class='ocrx_word' id='word_1_28' title='bbox 385 727 479 802; x_wconf 87' lang='lat' dir='ltr'>solus</span> <span class='ocrx_word' id='word_1_29' title='bbox 506 728 625 821; x_wconf 90' lang='lat' dir='ltr'>domi,</span> <span class='ocrx_word' id='word_1_30' title='bbox 659 750 702 801; x_wconf 91' lang='lat' dir='ltr'>an</span> <span class='ocrx_word' id='word_1_31' title='bbox 731 749 811 803; x_wconf 91' lang='lat' dir='ltr'>cum</span> <span class='ocrx_word' id='word_1_32' title='bbox 835 728 974 819; x_wconf 89' lang='lat' dir='ltr'>populo</span> <span class='ocrx_word' id='word_1_33' title='bbox 1000 745 1167 800; x_wconf 81' lang='lat' dir='ltr'>exerceas</span> <span class='ocrx_word' id='word_1_34' title='bbox 1193 728 1231 800; x_wconf 88' lang='lat' dir='ltr'>in</span> 
     </span>
     <span class='ocr_line' id='line_1_5' title="bbox 182 823 1238 923; baseline -0.006 -19"><span class='ocrx_word' id='word_1_35' title='bbox 182 833 340 905; x_wconf 86' lang='lat' dir='ltr'>theatro.</span> <span class='ocrx_word' id='word_1_36' title='bbox 389 828 460 901; x_wconf 89' lang='lat' dir='ltr'>Sed</span> <span class='ocrx_word' id='word_1_37' title='bbox 476 829 549 920; x_wconf 78' lang='lat' dir='ltr'>J&#39;am</span> <span class='ocrx_word' id='word_1_38' title='bbox 566 829 610 923; x_wconf 79' lang='lat' dir='ltr'>de</span> <span class='ocrx_word' id='word_1_39' title='bbox 632 825 835 921; x_wconf 69' lang='lat' dir='ltr'>spectaculis</span> <span class='ocrx_word' id='word_1_40' title='bbox 852 824 980 900; x_wconf 72' lang='lat' dir='ltr'>ditium</span> <span class='ocrx_word' id='word_1_41' title='bbox 998 825 1059 900; x_wconf 86' lang='lat' dir='ltr'>cll.</span> <span class='ocrx_word' id='word_1_42' title='bbox 1107 823 1238 900; x_wconf 87' lang='lat' dir='ltr'>Restat-</span> 
     </span>
     <span class='ocr_line' id='line_1_6' title="bbox 183 921 1235 1022; baseline -0.005 -21"><span class='ocrx_word' id='word_1_43' title='bbox 183 952 313 1022; x_wconf 91' lang='lat' dir='ltr'>unum,</span> <span class='ocrx_word' id='word_1_44' title='bbox 343 929 440 1020; x_wconf 91' lang='lat' dir='ltr'>quod</span> <span class='ocrx_word' id='word_1_45' title='bbox 461 925 513 1018; x_wconf 88' lang='lat' dir='ltr'>est</span> <span class='ocrx_word' id='word_1_46' title='bbox 531 931 637 1001; x_wconf 84' lang='lat' dir='ltr'>nobis</span> <span class='ocrx_word' id='word_1_47' title='bbox 661 925 953 1021; x_wconf 66' lang='lat' dir='ltr'>expugnandum</span> <span class='ocrx_word' id='word_1_48' title='bbox 987 931 1034 998; x_wconf 77' lang='lat' dir='ltr'>rie</span> <span class='ocrx_word' id='word_1_49' title='bbox 1055 921 1235 1018; x_wconf 82' lang='lat' dir='ltr'>capiamur</span> 
     </span>
     <span class='ocr_line' id='line_1_7' title="bbox 184 1023 1235 1121; baseline -0.003 -20"><span class='ocrx_word' id='word_1_50' title='bbox 184 1032 253 1121; x_wconf 88' lang='lat' dir='ltr'>iis,</span> <span class='ocrx_word' id='word_1_51' title='bbox 287 1050 364 1121; x_wconf 85' lang='lat' dir='ltr'>quae</span> <span class='ocrx_word' id='word_1_52' title='bbox 388 1029 431 1109; x_wconf 89' lang='lat' dir='ltr'>ad</span> <span class='ocrx_word' id='word_1_53' title='bbox 456 1025 590 1101; x_wconf 88' lang='lat' dir='ltr'>sensum</span> <span class='ocrx_word' id='word_1_54' title='bbox 611 1028 774 1099; x_wconf 86' lang='lat' dir='ltr'>intimum</span> <span class='ocrx_word' id='word_1_55' title='bbox 801 1037 1001 1119; x_wconf 89' lang='lat' dir='ltr'>penetrant.</span> <span class='ocrx_word' id='word_1_56' title='bbox 1058 1023 1152 1097; x_wconf 90' lang='lat' dir='ltr'>Nam</span> <span class='ocrx_word' id='word_1_57' title='bbox 1175 1026 1235 1098; x_wconf 92' lang='lat' dir='ltr'>illa</span> 
     </span>
     <span class='ocr_line' id='line_1_8' title="bbox 187 1123 1251 1222; baseline -0.002 -19"><span class='ocrx_word' id='word_1_58' title='bbox 187 1130 330 1222; x_wconf 89' lang='lat' dir='ltr'>omnia,</span> <span class='ocrx_word' id='word_1_59' title='bbox 344 1148 433 1218; x_wconf 58' lang='lat' dir='ltr'>‹quae</span> <span class='ocrx_word' id='word_1_60' title='bbox 449 1126 569 1214; x_wconf 86' lang='lat' dir='ltr'>verbis</span> <span class='ocrx_word' id='word_1_61' title='bbox 592 1139 737 1215; x_wconf 80' lang='lat' dir='ltr'>carent,</span> <span class='ocrx_word' id='word_1_62' title='bbox 763 1125 799 1197; x_wconf 94' lang='lat' dir='ltr'>id</span> <span class='ocrx_word' id='word_1_63' title='bbox 817 1123 867 1198; x_wconf 89' lang='lat' dir='ltr'>est</span> <span class='ocrx_word' id='word_1_64' title='bbox 882 1126 970 1198; x_wconf 86' lang='lat' dir='ltr'>aeris</span> <span class='ocrx_word' id='word_1_65' title='bbox 987 1125 1019 1196; x_wconf 76' lang='lat' dir='ltr'>dr</span> <span class='ocrx_word' id='word_1_66' title='bbox 1036 1144 1251 1201; x_wconf 85' lang='lat' dir='ltr'>nervorum</span> 
     </span>
     <span class='ocr_line' id='line_1_9' title="bbox 187 1218 1237 1317; baseline -0.005 -16"><span class='ocrx_word' id='word_1_67' title='bbox 187 1218 312 1301; x_wconf 70' lang='lat' dir='ltr'>fflaves</span> <span class='ocrx_word' id='word_1_68' title='bbox 328 1226 405 1299; x_wconf 90' lang='lat' dir='ltr'>soni</span> <span class='ocrx_word' id='word_1_69' title='bbox 422 1224 565 1317; x_wconf 81' lang='lat' dir='ltr'>possunt</span> <span class='ocrx_word' id='word_1_70' title='bbox 583 1224 688 1297; x_wconf 81' lang='lat' dir='ltr'>facile</span> <span class='ocrx_word' id='word_1_71' title='bbox 706 1226 908 1316; x_wconf 89' lang='lat' dir='ltr'>contemni,</span> <span class='ocrx_word' id='word_1_72' title='bbox 935 1226 1015 1315; x_wconf 90' lang='lat' dir='ltr'>quia</span> <span class='ocrx_word' id='word_1_73' title='bbox 1032 1245 1108 1298; x_wconf 91' lang='lat' dir='ltr'>non</span> <span class='ocrx_word' id='word_1_74' title='bbox 1124 1225 1237 1297; x_wconf 88' lang='lat' dir='ltr'>adhae·</span> 
     </span>
     <span class='ocr_line' id='line_1_10' title="bbox 187 1322 1278 1421; baseline 0.001 -24"><span class='ocrx_word' id='word_1_75' title='bbox 187 1341 293 1421; x_wconf 90' lang='lat' dir='ltr'>rent,</span> <span class='ocrx_word' id='word_1_76' title='bbox 326 1347 395 1400; x_wconf 92' lang='lat' dir='ltr'>nec</span> <span class='ocrx_word' id='word_1_77' title='bbox 417 1324 518 1397; x_wconf 89' lang='lat' dir='ltr'>scribi</span> <span class='ocrx_word' id='word_1_78' title='bbox 539 1324 693 1416; x_wconf 85' lang='lat' dir='ltr'>possunt.</span> <span class='ocrx_word' id='word_1_79' title='bbox 752 1322 903 1396; x_wconf 86' lang='lat' dir='ltr'>Carmen</span> <span class='ocrx_word' id='word_1_80' title='bbox 924 1338 1041 1397; x_wconf 85' lang='lat' dir='ltr'>autem</span> <span class='ocrx_word' id='word_1_81' title='bbox 1062 1324 1237 1417; x_wconf 82' lang='lat' dir='ltr'>composi·</span> <span class='ocrx_word' id='word_1_82' title='bbox 1274 1366 1278 1375; x_wconf 14' lang='grc' dir='ltr'>γ</span> 
     </span>
     <span class='ocr_line' id='line_1_11' title="bbox 187 1418 1239 1524; baseline 0 -27"><span class='ocrx_word' id='word_1_83' title='bbox 187 1440 286 1519; x_wconf 89' lang='lat' dir='ltr'>tum,</span> <span class='ocrx_word' id='word_1_84' title='bbox 321 1425 353 1498; x_wconf 75' lang='lat' dir='ltr'>u</span> <span class='ocrx_word' id='word_1_85' title='bbox 376 1424 495 1498; x_wconf 90' lang='lat' dir='ltr'>oratio</span> <span class='ocrx_word' id='word_1_86' title='bbox 514 1444 594 1497; x_wconf 91' lang='lat' dir='ltr'>cum</span> <span class='ocrx_word' id='word_1_87' title='bbox 609 1418 999 1524; x_wconf 75' lang='lat' dir='ltr'>stravitate&#39;dec&#39;ipiens,</span> <span class='ocrx_word' id='word_1_88' title='bbox 1034 1426 1128 1513; x_wconf 84' lang='lat' dir='ltr'>capit</span> <span class='ocrx_word' id='word_1_89' title='bbox 1142 1445 1239 1497; x_wconf 89' lang='lat' dir='ltr'>men·</span> 
     </span>
     <span class='ocr_line' id='line_1_12' title="bbox 189 1522 1243 1615; baseline -0.002 -17"><span class='ocrx_word' id='word_1_90' title='bbox 189 1539 267 1607; x_wconf 88' lang='lat' dir='ltr'>tes,</span> <span class='ocrx_word' id='word_1_91' title='bbox 302 1524 429 1615; x_wconf 83' lang='lat' dir='ltr'>&amp;quo</span> <span class='ocrx_word' id='word_1_92' title='bbox 449 1524 609 1595; x_wconf 88' lang='lat' dir='ltr'>voluerit</span> <span class='ocrx_word' id='word_1_93' title='bbox 630 1522 789 1615; x_wconf 86' lang='lat' dir='ltr'>impellit.</span> <span class='ocrx_word' id='word_1_94' title='bbox 847 1522 934 1594; x_wconf 85' lang='lat' dir='ltr'>Inde</span> <span class='ocrx_word' id='word_1_95' title='bbox 959 1523 1121 1595; x_wconf 86' lang='lat' dir='ltr'>homines</span> <span class='ocrx_word' id='word_1_96' title='bbox 1145 1524 1243 1598; x_wconf 76' lang='lat' dir='ltr'>litte·¹</span> 
     </span>
     <span class='ocr_line' id='line_1_13' title="bbox 189 1620 1240 1717; baseline 0.001 -22"><span class='ocrx_word' id='word_1_97' title='bbox 189 1626 258 1696; x_wconf 87' lang='lat' dir='ltr'>rati</span> <span class='ocrx_word' id='word_1_98' title='bbox 280 1646 360 1698; x_wconf 90' lang='lat' dir='ltr'>cum</span> <span class='ocrx_word' id='word_1_99' title='bbox 376 1625 424 1696; x_wconf 73' lang='lat' dir='ltr'>&#39;ad</span> <span class='ocrx_word' id='word_1_100' title='bbox 440 1622 511 1694; x_wconf 89' lang='lat' dir='ltr'>Dei</span> <span class='ocrx_word' id='word_1_101' title='bbox 533 1623 743 1717; x_wconf 86' lang='lat' dir='ltr'>religionem</span> <span class='ocrx_word' id='word_1_102' title='bbox 767 1620 1004 1712; x_wconf 80' lang='lat' dir='ltr'>accesserint,</span> <span class='ocrx_word' id='word_1_103' title='bbox 1020 1621 1049 1698; x_wconf 78' lang='lat' dir='ltr'>st</span> <span class='ocrx_word' id='word_1_104' title='bbox 1068 1642 1143 1693; x_wconf 91' lang='lat' dir='ltr'>non</span> <span class='ocrx_word' id='word_1_105' title='bbox 1164 1621 1240 1697; x_wconf 87' lang='lat' dir='ltr'>sue·</span> 
     </span>
     <span class='ocr_line' id='line_1_14' title="bbox 189 1720 1239 1813; baseline 0.003 -19"><span class='ocrx_word' id='word_1_106' title='bbox 189 1727 262 1796; x_wconf 91' lang='lat' dir='ltr'>rint</span> <span class='ocrx_word' id='word_1_107' title='bbox 276 1726 319 1795; x_wconf 89' lang='lat' dir='ltr'>ab</span> <span class='ocrx_word' id='word_1_108' title='bbox 337 1723 455 1813; x_wconf 87' lang='lat' dir='ltr'>aliquo</span> <span class='ocrx_word' id='word_1_109' title='bbox 470 1722 588 1813; x_wconf 87' lang='lat' dir='ltr'>perito</span> <span class='ocrx_word' id='word_1_110' title='bbox 605 1721 755 1795; x_wconf 67' lang='lat' dir='ltr'>doctore</span> <span class='ocrx_word' id='word_1_111' title='bbox 769 1720 925 1810; x_wconf 84' lang='lat' dir='ltr'>fundati,</span> <span class='ocrx_word' id='word_1_112' title='bbox 949 1722 1062 1793; x_wconf 88' lang='lat' dir='ltr'>minus</span> <span class='ocrx_word' id='word_1_113' title='bbox 1077 1722 1239 1797; x_wconf 90' lang='lat' dir='ltr'>credunt.</span> 
     </span>
     <span class='ocr_line' id='line_1_15' title="bbox 191 1818 1299 1913; baseline 0.001 -19"><span class='ocrx_word' id='word_1_114' title='bbox 191 1820 331 1895; x_wconf 85' lang='lat' dir='ltr'>Alsueti</span> <span class='ocrx_word' id='word_1_115' title='bbox 346 1823 438 1896; x_wconf 89' lang='lat' dir='ltr'>enim</span> <span class='ocrx_word' id='word_1_116' title='bbox 453 1820 614 1893; x_wconf 83' lang='lat' dir='ltr'>dulcibus</span> <span class='ocrx_word' id='word_1_117' title='bbox 629 1820 663 1894; x_wconf 70' lang='lat' dir='ltr'>tc</span> <span class='ocrx_word' id='word_1_118' title='bbox 677 1820 799 1913; x_wconf 89' lang='lat' dir='ltr'>politis</span> <span class='ocrx_word' id='word_1_119' title='bbox 814 1818 889 1893; x_wconf 82' lang='lat' dir='ltr'>sive</span> <span class='ocrx_word' id='word_1_120' title='bbox 903 1820 1149 1913; x_wconf 87' lang='lat' dir='ltr'>orationibus,</span> <span class='ocrx_word' id='word_1_121' title='bbox 1167 1822 1255 1897; x_wconf 77' lang='lat' dir='ltr'>stre.</span> <span class='ocrx_word' id='word_1_122' title='bbox 1288 1886 1299 1902; x_wconf 77' lang='grc'>,</span> 
     </span>
     <span class='ocr_line' id='line_1_16' title="bbox 194 1920 1244 2013; baseline 0 -19"><span class='ocrx_word' id='word_1_123' title='bbox 194 1922 427 2010; x_wconf 89' lang='lat' dir='ltr'>carminibus,</span> <span class='ocrx_word' id='word_1_124' title='bbox 454 1920 654 1993; x_wconf 85' lang='lat' dir='ltr'>divinarum</span> <span class='ocrx_word' id='word_1_125' title='bbox 669 1921 867 1992; x_wconf 88' lang='lat' dir='ltr'>litterarum</span> <span class='ocrx_word' id='word_1_126' title='bbox 881 1920 1074 2013; x_wconf 79' lang='lat' dir='ltr'>simplicem</span> <span class='ocrx_word' id='word_1_127' title='bbox 1085 1941 1244 1994; x_wconf 90' lang='lat' dir='ltr'>commu·</span> 
     </span>
     <span class='ocr_line' id='line_1_17' title="bbox 191 2016 1244 2113; baseline 0 -17"><span class='ocrx_word' id='word_1_128' title='bbox 191 2042 346 2112; x_wconf 90' lang='lat' dir='ltr'>nemque</span> <span class='ocrx_word' id='word_1_129' title='bbox 359 2018 557 2094; x_wconf 88' lang='lat' dir='ltr'>sermonem</span> <span class='ocrx_word' id='word_1_130' title='bbox 572 2039 638 2111; x_wconf 89' lang='lat' dir='ltr'>pro</span> <span class='ocrx_word' id='word_1_131' title='bbox 655 2016 799 2091; x_wconf 91' lang='lat' dir='ltr'>sordido</span> <span class='ocrx_word' id='word_1_132' title='bbox 815 2017 1053 2113; x_wconf 88' lang='lat' dir='ltr'>aspernantur.</span> <span class='ocrx_word' id='word_1_133' title='bbox 1092 2018 1133 2091; x_wconf 95' lang='lat' dir='ltr'>Id</span> <span class='ocrx_word' id='word_1_134' title='bbox 1150 2022 1244 2096; x_wconf 89' lang='lat' dir='ltr'>enim</span> 
     </span>
     <span class='ocr_line' id='line_1_18' title="bbox 195 2116 1245 2213; baseline 0.003 -22"><span class='ocrx_word' id='word_1_135' title='bbox 195 2131 384 2211; x_wconf 86' lang='lat' dir='ltr'>quaerunt,</span> <span class='ocrx_word' id='word_1_136' title='bbox 419 2119 517 2209; x_wconf 89' lang='lat' dir='ltr'>quod</span> <span class='ocrx_word' id='word_1_137' title='bbox 543 2116 677 2191; x_wconf 88' lang='lat' dir='ltr'>sensum</span> <span class='ocrx_word' id='word_1_138' title='bbox 702 2118 912 2213; x_wconf 85' lang='lat' dir='ltr'>demulceat.</span> <span class='ocrx_word' id='word_1_139' title='bbox 970 2116 1162 2210; x_wconf 85' lang='lat' dir='ltr'>Persuadet</span> <span class='ocrx_word' id='word_1_140' title='bbox 1186 2140 1245 2194; x_wconf 89' lang='lat' dir='ltr'>au·</span> 
     </span>
     <span class='ocr_line' id='line_1_19' title="bbox 194 2215 1317 2312; baseline 0.004 -22"><span class='ocrx_word' id='word_1_141' title='bbox 194 2231 271 2291; x_wconf 90' lang='lat' dir='ltr'>tem</span> <span class='ocrx_word' id='word_1_142' title='bbox 293 2217 462 2310; x_wconf 89' lang='lat' dir='ltr'>quidquid</span> <span class='ocrx_word' id='word_1_143' title='bbox 484 2215 593 2291; x_wconf 89' lang='lat' dir='ltr'>suave</span> <span class='ocrx_word' id='word_1_144' title='bbox 615 2215 684 2305; x_wconf 88' lang='lat' dir='ltr'>est,</span> <span class='ocrx_word' id='word_1_145' title='bbox 711 2217 876 2289; x_wconf 87' lang='lat' dir='ltr'>&amp;animo</span> <span class='ocrx_word' id='word_1_146' title='bbox 897 2218 1058 2312; x_wconf 89' lang='lat' dir='ltr'>penitus,</span> <span class='ocrx_word' id='word_1_147' title='bbox 1086 2218 1168 2294; x_wconf 90' lang='lat' dir='ltr'>dum</span> <span class='ocrx_word' id='word_1_148' title='bbox 1186 2220 1246 2295; x_wconf 91' lang='lat' dir='ltr'>de·</span> <span class='ocrx_word' id='word_1_149' title='bbox 1314 2227 1317 2232; x_wconf 88' lang='grc'><strong>’</strong></span> 
     </span>
     <span class='ocr_line' id='line_1_20' title="bbox 195 2316 1245 2411; baseline 0 -20"><span class='ocrx_word' id='word_1_150' title='bbox 195 2316 326 2410; x_wconf 75' lang='lat' dir='ltr'>lectar,</span> <span class='ocrx_word' id='word_1_151' title='bbox 351 2316 476 2391; x_wconf 82' lang='lat' dir='ltr'>inlidit.</span> <span class='ocrx_word' id='word_1_152' title='bbox 527 2316 626 2389; x_wconf 92' lang='lat' dir='ltr'>Num</span> <span class='ocrx_word' id='word_1_153' title='bbox 645 2316 753 2411; x_wconf 86' lang='lat' dir='ltr'>igitur</span> <span class='ocrx_word' id='word_1_154' title='bbox 774 2316 874 2389; x_wconf 88' lang='lat' dir='ltr'>Deus</span> <span class='ocrx_word' id='word_1_155' title='bbox 898 2316 1100 2407; x_wconf 72' lang='lat' dir='ltr'>dumentis,</span> <span class='ocrx_word' id='word_1_156' title='bbox 1127 2318 1245 2392; x_wconf 83' lang='lat' dir='ltr'>&amp;vo-</span> 
     </span>
     <span class='ocr_line' id='line_1_21' title="bbox 197 2415 1309 2513; baseline 0.004 -24"><span class='ocrx_word' id='word_1_157' title='bbox 197 2419 270 2508; x_wconf 87' lang='lat' dir='ltr'>cis,</span> <span class='ocrx_word' id='word_1_158' title='bbox 297 2416 471 2513; x_wconf 78' lang='lat' dir='ltr'>&amp;lingue</span> <span class='ocrx_word' id='word_1_159' title='bbox 486 2416 615 2488; x_wconf 86' lang='lat' dir='ltr'>artifex</span> <span class='ocrx_word' id='word_1_160' title='bbox 631 2415 757 2489; x_wconf 89' lang='lat' dir='ltr'>diserte</span> <span class='ocrx_word' id='word_1_161' title='bbox 778 2415 876 2507; x_wconf 93' lang='lat' dir='ltr'>loqui</span> <span class='ocrx_word' id='word_1_162' title='bbox 894 2436 968 2489; x_wconf 89' lang='lat' dir='ltr'>non</span> <span class='ocrx_word' id='word_1_163' title='bbox 983 2417 1127 2508; x_wconf 69' lang='lat' dir='ltr'>potest?</span> <span class='ocrx_word' id='word_1_164' title='bbox 1166 2417 1251 2493; x_wconf 87' lang='lat' dir='ltr'>Imo&#39;</span> <span class='ocrx_word' id='word_1_165' title='bbox 1306 2485 1309 2494; x_wconf 82' lang='grc'>.</span> 
     </span>
     <span class='ocr_line' id='line_1_22' title="bbox 196 2514 1247 2611; baseline 0.002 -23"><span class='ocrx_word' id='word_1_166' title='bbox 196 2535 291 2590; x_wconf 89' lang='lat' dir='ltr'>vero</span> <span class='ocrx_word' id='word_1_167' title='bbox 310 2514 447 2589; x_wconf 88' lang='lat' dir='ltr'>summa·</span> <span class='ocrx_word' id='word_1_168' title='bbox 456 2516 684 2610; x_wconf 88' lang='lat' dir='ltr'>providentia</span> <span class='ocrx_word' id='word_1_169' title='bbox 704 2533 825 2588; x_wconf 89' lang='lat' dir='ltr'>carere</span> <span class='ocrx_word' id='word_1_170' title='bbox 842 2514 928 2587; x_wconf 84' lang='lat' dir='ltr'>suco</span> <span class='ocrx_word' id='word_1_171' title='bbox 944 2517 1064 2590; x_wconf 90' lang='lat' dir='ltr'>voluit</span> <span class='ocrx_word' id='word_1_172' title='bbox 1078 2539 1142 2611; x_wconf 85' lang='lat' dir='ltr'>ea,</span> <span class='ocrx_word' id='word_1_173' title='bbox 1170 2538 1247 2610; x_wconf 84' lang='lat' dir='ltr'>quae</span> 
     </span>
     <span class='ocr_line' id='line_1_23' title="bbox 151 2613 1248 2712; baseline 0.001 -22"><span class='ocrx_word' id='word_1_174' title='bbox 151 2645 153 2650; x_wconf 95' lang='lat'>·</span> <span class='ocrx_word' id='word_1_175' title='bbox 197 2616 322 2690; x_wconf 87' lang='lat' dir='ltr'>divina</span> <span class='ocrx_word' id='word_1_176' title='bbox 341 2613 443 2708; x_wconf 92' lang='lat' dir='ltr'>sunt,</span> <span class='ocrx_word' id='word_1_177' title='bbox 469 2628 511 2687; x_wconf 91' lang='lat' dir='ltr'>ut</span> <span class='ocrx_word' id='word_1_178' title='bbox 531 2635 656 2691; x_wconf 84' lang='lat' dir='ltr'>omnes</span> <span class='ocrx_word' id='word_1_179' title='bbox 670 2616 932 2711; x_wconf 88' lang='lat' dir='ltr'>intelligerent,</span> <span class='ocrx_word' id='word_1_180' title='bbox 959 2616 1248 2712; x_wconf 85' lang='lat' dir='ltr'>quaeipseomni·</span> 
     </span>
     <span class='ocr_line' id='line_1_24' title="bbox 197 2717 510 2805; baseline -0.003 -15"><span class='ocrx_word' id='word_1_181' title='bbox 197 2717 266 2790; x_wconf 88' lang='lat' dir='ltr'>bus</span> <span class='ocrx_word' id='word_1_182' title='bbox 281 2717 510 2805; x_wconf 88' lang='lat' dir='ltr'>loquebatur.</span> 
     </span>
    </p>

    <p class='ocr_par' dir='ltr' id='par_1_3' title="bbox 158 2811 1321 4132">
     <span class='ocr_line' id='line_1_25' title="bbox 158 2811 1321 2911; baseline 0.004 -26"><span class='ocrx_word' id='word_1_183' title='bbox 158 2855 161 2866; x_wconf 42' lang='grc' dir='ltr'><strong><em>ι</em></strong></span> <span class='ocrx_word' id='word_1_184' title='bbox 276 2812 374 2911; x_wconf 86' lang='lat' dir='ltr'>Ergo</span> <span class='ocrx_word' id='word_1_185' title='bbox 400 2814 459 2907; x_wconf 93' lang='lat' dir='ltr'>qui</span> <span class='ocrx_word' id='word_1_186' title='bbox 485 2814 630 2887; x_wconf 88' lang='lat' dir='ltr'>veritati</span> <span class='ocrx_word' id='word_1_187' title='bbox 653 2811 807 2909; x_wconf 82' lang='lat' dir='ltr'>studet,</span> <span class='ocrx_word' id='word_1_188' title='bbox 829 2814 887 2908; x_wconf 90' lang='lat' dir='ltr'>qui</span> <span class='ocrx_word' id='word_1_189' title='bbox 914 2833 990 2888; x_wconf 85' lang='lat' dir='ltr'>non</span> <span class='ocrx_word' id='word_1_190' title='bbox 1013 2818 1096 2889; x_wconf 86' lang='lat' dir='ltr'>vult</span> <span class='ocrx_word' id='word_1_191' title='bbox 1119 2815 1154 2890; x_wconf 91' lang='lat' dir='ltr'>se</span> <span class='ocrx_word' id='word_1_192' title='bbox 1178 2813 1250 2910; x_wconf 89' lang='lat' dir='ltr'>ipse</span> <span class='ocrx_word' id='word_1_193' title='bbox 1317 2875 1321 2882; x_wconf 84' lang='grc'><em>.</em></span> 
     </span>
     <span class='ocr_line' id='line_1_26' title="bbox 201 2913 1251 3012; baseline -0.001 -24"><span class='ocrx_word' id='word_1_194' title='bbox 201 2914 394 3009; x_wconf 87' lang='lat' dir='ltr'>decipere,</span> <span class='ocrx_word' id='word_1_195' title='bbox 432 2914 575 3005; x_wconf 87' lang='lat' dir='ltr'>abjiciat</span> <span class='ocrx_word' id='word_1_196' title='bbox 606 2913 764 2989; x_wconf 88' lang='lat' dir='ltr'>inimicas</span> <span class='ocrx_word' id='word_1_197' title='bbox 798 2935 840 2987; x_wconf 89' lang='lat' dir='ltr'>ac</span> <span class='ocrx_word' id='word_1_198' title='bbox 869 2917 995 2987; x_wconf 85' lang='lat' dir='ltr'>noxias</span> <span class='ocrx_word' id='word_1_199' title='bbox 1026 2918 1251 3012; x_wconf 88' lang='lat' dir='ltr'>voluptates,</span> 
     </span>
     <span class='ocr_line' id='line_1_27' title="bbox 200 3013 1256 3108; baseline 0.004 -24"><span class='ocrx_word' id='word_1_200' title='bbox 200 3024 282 3105; x_wconf 73' lang='lat' dir='ltr'>&#39;quae</span> <span class='ocrx_word' id='word_1_201' title='bbox 306 3014 454 3085; x_wconf 91' lang='lat' dir='ltr'>animam</span> <span class='ocrx_word' id='word_1_202' title='bbox 477 3013 538 3086; x_wconf 81' lang='lat' dir='ltr'>sibi</span> <span class='ocrx_word' id='word_1_203' title='bbox 565 3013 746 3106; x_wconf 91' lang='lat' dir='ltr'>vinciant,</span> <span class='ocrx_word' id='word_1_204' title='bbox 783 3028 825 3087; x_wconf 88' lang='lat' dir='ltr'>ut</span> <span class='ocrx_word' id='word_1_205' title='bbox 851 3034 981 3108; x_wconf 85' lang='lat' dir='ltr'>corpus</span> <span class='ocrx_word' id='word_1_206' title='bbox 1010 3016 1079 3089; x_wconf 80' lang='lat' dir='ltr'>cibi</span> <span class='ocrx_word' id='word_1_207' title='bbox 1098 3016 1256 3089; x_wconf 69' lang='lat' dir='ltr'>dulces:</span> 
     </span>
     <span class='ocr_line' id='line_1_28' title="bbox 203 3111 1253 3209; baseline 0.005 -27"><span class='ocrx_word' id='word_1_208' title='bbox 203 3111 436 3207; x_wconf 80' lang='lat' dir='ltr'>praeferantur</span> <span class='ocrx_word' id='word_1_209' title='bbox 458 3132 546 3185; x_wconf 88' lang='lat' dir='ltr'>vera</span> <span class='ocrx_word' id='word_1_210' title='bbox 569 3112 683 3205; x_wconf 73' lang='lat' dir='ltr'>falsis,</span> <span class='ocrx_word' id='word_1_211' title='bbox 716 3130 848 3187; x_wconf 82' lang='lat' dir='ltr'>aeterna</span> <span class='ocrx_word' id='word_1_212' title='bbox 870 3115 1060 3209; x_wconf 87' lang='lat' dir='ltr'>brevibus,</span> <span class='ocrx_word' id='word_1_213' title='bbox 1084 3115 1185 3187; x_wconf 90' lang='lat' dir='ltr'>utilia</span> <span class='ocrx_word' id='word_1_214' title='bbox 1195 3114 1253 3206; x_wconf 83' lang='lat' dir='ltr'>&#39;ju-</span> 
     </span>
     <span class='ocr_line' id='line_1_29' title="bbox 206 3210 1306 3309; baseline 0.001 -24"><span class='ocrx_word' id='word_1_215' title='bbox 206 3212 342 3287; x_wconf 89' lang='lat' dir='ltr'>cundis.</span> <span class='ocrx_word' id='word_1_216' title='bbox 405 3210 507 3285; x_wconf 92' lang='lat' dir='ltr'>Nihil</span> <span class='ocrx_word' id='word_1_217' title='bbox 532 3210 669 3306; x_wconf 76' lang='lat' dir='ltr'>aspetlu</span> <span class='ocrx_word' id='word_1_218' title='bbox 694 3227 832 3309; x_wconf 85' lang='lat' dir='ltr'>gratum</span> <span class='ocrx_word' id='word_1_219' title='bbox 857 3214 925 3304; x_wconf 83' lang='lat' dir='ltr'>sit,</span> <span class='ocrx_word' id='word_1_220' title='bbox 958 3214 1020 3285; x_wconf 83' lang='lat' dir='ltr'>nist</span> <span class='ocrx_word' id='word_1_221' title='bbox 1051 3211 1149 3305; x_wconf 91' lang='lat' dir='ltr'>quod</span> <span class='ocrx_word' id='word_1_222' title='bbox 1179 3214 1273 3308; x_wconf 74' lang='lat' dir='ltr'>pie,</span> <span class='ocrx_word' id='word_1_223' title='bbox 1303 3216 1306 3224; x_wconf 84' lang='grc'><strong>“</strong></span> 
     </span>
     <span class='ocr_line' id='line_1_30' title="bbox 206 3308 1256 3405; baseline 0.003 -22"><span class='ocrx_word' id='word_1_224' title='bbox 206 3311 304 3405; x_wconf 90' lang='lat' dir='ltr'>quod</span> <span class='ocrx_word' id='word_1_225' title='bbox 314 3310 404 3404; x_wconf 88' lang='lat' dir='ltr'>juste</span> <span class='ocrx_word' id='word_1_226' title='bbox 420 3308 498 3386; x_wconf 89' lang='lat' dir='ltr'>fieri</span> <span class='ocrx_word' id='word_1_227' title='bbox 514 3312 659 3402; x_wconf 83' lang='lat' dir='ltr'>videas3</span> <span class='ocrx_word' id='word_1_228' title='bbox 672 3312 774 3386; x_wconf 84' lang='lat' dir='ltr'>&#39;nihil</span> <span class='ocrx_word' id='word_1_229' title='bbox 791 3312 912 3387; x_wconf 89' lang='lat' dir='ltr'>auditu</span> <span class='ocrx_word' id='word_1_230' title='bbox 926 3310 1054 3403; x_wconf 76' lang='lat' dir='ltr'>suane,</span> <span class='ocrx_word' id='word_1_231' title='bbox 1079 3311 1140 3385; x_wconf 79' lang='lat' dir='ltr'>nist</span> <span class='ocrx_word' id='word_1_232' title='bbox 1158 3311 1256 3404; x_wconf 89' lang='lat' dir='ltr'>quod</span> 
     </span>
     <span class='ocr_line' id='line_1_31' title="bbox 205 3412 1265 3504; baseline 0.002 -21"><span class='ocrx_word' id='word_1_233' title='bbox 205 3412 269 3485; x_wconf 85' lang='lat' dir='ltr'>alit</span> <span class='ocrx_word' id='word_1_234' title='bbox 292 3414 468 3502; x_wconf 88' lang='lat' dir='ltr'>animam,</span> <span class='ocrx_word' id='word_1_235' title='bbox 503 3413 758 3504; x_wconf 88' lang='lat' dir='ltr'>melioremque</span> <span class='ocrx_word' id='word_1_236' title='bbox 785 3419 823 3485; x_wconf 87' lang='lat' dir='ltr'>te</span> <span class='ocrx_word' id='word_1_237' title='bbox 843 3412 971 3486; x_wconf 89' lang='lat' dir='ltr'>reddit.</span> <span class='ocrx_word' id='word_1_238' title='bbox 1027 3412 1265 3504; x_wconf 77' lang='lat' dir='ltr'>Maximeque</span> 
     </span>
     <span class='ocr_line' id='line_1_32' title="bbox 206 3509 1257 3604; baseline 0 -18"><span class='ocrx_word' id='word_1_239' title='bbox 206 3511 267 3586; x_wconf 90' lang='lat' dir='ltr'>hic</span> <span class='ocrx_word' id='word_1_240' title='bbox 285 3509 399 3583; x_wconf 88' lang='lat' dir='ltr'>sensus</span> <span class='ocrx_word' id='word_1_241' title='bbox 422 3509 567 3583; x_wconf 89' lang='lat' dir='ltr'>nonest</span> <span class='ocrx_word' id='word_1_242' title='bbox 586 3512 629 3584; x_wconf 89' lang='lat' dir='ltr'>ad</span> <span class='ocrx_word' id='word_1_243' title='bbox 653 3514 779 3585; x_wconf 91' lang='lat' dir='ltr'>vitium</span> <span class='ocrx_word' id='word_1_244' title='bbox 799 3510 1087 3604; x_wconf 83' lang='lat' dir='ltr'>detorquendus,</span> <span class='ocrx_word' id='word_1_245' title='bbox 1115 3512 1174 3604; x_wconf 91' lang='lat' dir='ltr'>qui</span> <span class='ocrx_word' id='word_1_246' title='bbox 1191 3515 1257 3586; x_wconf 87' lang='lat' dir='ltr'>n&#39;o·</span> 
     </span>
     <span class='ocr_line' id='line_1_33' title="bbox 169 3607 1261 3710; baseline 0.003 -27"><span class='ocrx_word' id='word_1_247' title='bbox 169 3659 173 3670; x_wconf 45' lang='grc' dir='ltr'><em>ι</em></span> <span class='ocrx_word' id='word_1_248' title='bbox 207 3611 264 3684; x_wconf 85' lang='lat' dir='ltr'>bis</span> <span class='ocrx_word' id='word_1_249' title='bbox 285 3609 368 3682; x_wconf 91' lang='lat' dir='ltr'>ideo</span> <span class='ocrx_word' id='word_1_250' title='bbox 392 3608 493 3681; x_wconf 86' lang='lat' dir='ltr'>datus</span> <span class='ocrx_word' id='word_1_251' title='bbox 517 3609 586 3704; x_wconf 93' lang='lat' dir='ltr'>est,</span> <span class='ocrx_word' id='word_1_252' title='bbox 612 3624 653 3682; x_wconf 90' lang='lat' dir='ltr'>ut</span> <span class='ocrx_word' id='word_1_253' title='bbox 676 3609 871 3686; x_wconf 71' lang='lat' dir='ltr'>doctrinam</span> <span class='ocrx_word' id='word_1_254' title='bbox 887 3609 957 3683; x_wconf 91' lang='lat' dir='ltr'>Dei</span> <span class='ocrx_word' id='word_1_255' title='bbox 975 3612 1162 3708; x_wconf 87' lang='lat' dir='ltr'>percipere</span> <span class='ocrx_word' id='word_1_256' title='bbox 1181 3607 1261 3710; x_wconf 80' lang='lat' dir='ltr'>po&#39;s·</span> 
     </span>
     <span class='ocr_line' id='line_1_34' title="bbox 209 3707 1262 3808; baseline 0.003 -26"><span class='ocrx_word' id='word_1_257' title='bbox 209 3708 336 3784; x_wconf 82' lang='lat' dir='ltr'>semus.</span> <span class='ocrx_word' id='word_1_258' title='bbox 388 3707 513 3798; x_wconf 86' lang='lat' dir='ltr'>ltaque</span> <span class='ocrx_word' id='word_1_259' title='bbox 533 3709 556 3781; x_wconf 80' lang='lat' dir='ltr'>si</span> <span class='ocrx_word' id='word_1_260' title='bbox 573 3714 745 3803; x_wconf 84' lang='lat' dir='ltr'>voluptas</span> <span class='ocrx_word' id='word_1_261' title='bbox 765 3708 836 3804; x_wconf 86' lang='lat' dir='ltr'>est,</span> <span class='ocrx_word' id='word_1_262' title='bbox 863 3710 984 3785; x_wconf 90' lang='lat' dir='ltr'>audire</span> <span class='ocrx_word' id='word_1_263' title='bbox 997 3726 1123 3808; x_wconf 71' lang='lat' dir='ltr'>cantur</span> <span class='ocrx_word' id='word_1_264' title='bbox 1136 3710 1170 3784; x_wconf 85' lang='lat'>&amp;</span> <span class='ocrx_word' id='word_1_265' title='bbox 1185 3729 1262 3785; x_wconf 78' lang='lat' dir='ltr'>aar·</span> 
     </span>
     <span class='ocr_line' id='line_1_35' title="bbox 210 3805 1263 3902; baseline 0.006 -22"><span class='ocrx_word' id='word_1_266' title='bbox 210 3809 332 3899; x_wconf 90' lang='lat' dir='ltr'>mina,</span> <span class='ocrx_word' id='word_1_267' title='bbox 366 3806 434 3878; x_wconf 88' lang='lat' dir='ltr'>Dei</span> <span class='ocrx_word' id='word_1_268' title='bbox 460 3807 580 3880; x_wconf 86' lang='lat' dir='ltr'>laudes</span> <span class='ocrx_word' id='word_1_269' title='bbox 606 3830 734 3883; x_wconf 88' lang='lat' dir='ltr'>canere</span> <span class='ocrx_word' id='word_1_270' title='bbox 758 3809 792 3883; x_wconf 70' lang='lat' dir='ltr'>b</span> <span class='ocrx_word' id='word_1_271' title='bbox 817 3809 960 3901; x_wconf 85' lang='lat' dir='ltr'>audire,</span> <span class='ocrx_word' id='word_1_272' title='bbox 991 3805 1185 3902; x_wconf 84' lang='lat' dir='ltr'>jucundum</span> <span class='ocrx_word' id='word_1_273' title='bbox 1208 3807 1263 3902; x_wconf 74' lang='lat' dir='ltr'>sit:</span> 
     </span>
     <span class='ocr_line' id='line_1_36' title="bbox 210 3906 1264 4001; baseline 0.003 -20"><span class='ocrx_word' id='word_1_274' title='bbox 210 3907 301 3982; x_wconf 85' lang='lat' dir='ltr'>Haec</span> <span class='ocrx_word' id='word_1_275' title='bbox 320 3906 370 3979; x_wconf 88' lang='lat' dir='ltr'>est</span> <span class='ocrx_word' id='word_1_276' title='bbox 387 3909 556 4000; x_wconf 85' lang='lat' dir='ltr'>voluptas</span> <span class='ocrx_word' id='word_1_277' title='bbox 575 3930 681 4001; x_wconf 86' lang='lat' dir='ltr'>vera,</span> <span class='ocrx_word' id='word_1_278' title='bbox 708 3929 785 4001; x_wconf 78' lang='lat' dir='ltr'>quae</span> <span class='ocrx_word' id='word_1_279' title='bbox 806 3927 929 3985; x_wconf 80' lang='lat' dir='ltr'>comes</span> <span class='ocrx_word' id='word_1_280' title='bbox 949 3907 1099 3984; x_wconf 82' lang='lat' dir='ltr'>&amp;socia</span> <span class='ocrx_word' id='word_1_281' title='bbox 1120 3910 1264 3984; x_wconf 77' lang='lat' dir='ltr'>virtutis</span> 
     </span>
     <span class='ocr_line' id='line_1_37' title="bbox 212 4003 1302 4132; baseline -0.001 -49"><span class='ocrx_word' id='word_1_282' title='bbox 212 4006 274 4083; x_wconf 85' lang='lat' dir='ltr'>est.</span> <span class='ocrx_word' id='word_1_283' title='bbox 326 4007 413 4082; x_wconf 84' lang='lat' dir='ltr'>Haec</span> <span class='ocrx_word' id='word_1_284' title='bbox 431 4006 574 4083; x_wconf 89' lang='lat' dir='ltr'>estnon</span> <span class='ocrx_word' id='word_1_285' title='bbox 594 4009 725 4084; x_wconf 90' lang='lat' dir='ltr'>caduca</span> <span class='ocrx_word' id='word_1_286' title='bbox 744 4009 936 4106; x_wconf 70' lang='lat' dir='ltr'>utravis,</span> <span class='ocrx_word' id='word_1_287' title='bbox 960 4009 1002 4083; x_wconf 90' lang='lat' dir='ltr'>ut&#39;</span> <span class='ocrx_word' id='word_1_288' title='bbox 1018 4011 1087 4086; x_wconf 76' lang='lat' dir='ltr'>ille</span> <span class='ocrx_word' id='word_1_289' title='bbox 1104 4003 1189 4114; x_wconf 75' lang='lat' dir='ltr'>quaa</span> <span class='ocrx_word' id='word_1_290' title='bbox 1206 4003 1266 4132; x_wconf 67' lang='lat' dir='ltr'>ap*-</span> <span class='ocrx_word' id='word_1_291' title='bbox 1288 4029 1302 4048; x_wconf 61' lang='lat'><strong><em>‘</em></strong></span> 
     </span>
    </p>
   </div>
   <div class='ocr_carea' id='block_1_3' title="bbox 728 4107 1203 4219">
    <p class='ocr_par' dir='ltr' id='par_1_4' title="bbox 728 4107 1203 4219">
     <span class='ocr_line' id='line_1_38' title="bbox 728 4107 1203 4219; baseline -0.046 -15"><span class='ocrx_word' id='word_1_292' title='bbox 728 4107 842 4201; x_wconf 73' lang='lat' dir='ltr'>Dds</span> <span class='ocrx_word' id='word_1_293' title='bbox 931 4147 957 4158; x_wconf 92' lang='lat'>··</span> <span class='ocrx_word' id='word_1_294' title='bbox 1002 4119 1036 4156; x_wconf 68' lang='lat'>·⁵·</span> <span class='ocrx_word' id='word_1_295' title='bbox 1073 4119 1203 4219; x_wconf 79' lang='lat' dir='ltr'>pentat</span> 
     </span>
    </p>
   </div>
   <div class='ocr_carea' id='block_1_4' title="bbox 0 0 1454 4709">
    <p class='ocr_par' dir='ltr' id='par_1_5' title="bbox 0 0 1454 4709">
     <span class='ocr_line' id='line_1_39' title="bbox 0 0 1454 4709; baseline 0 0"><span class='ocrx_word' id='word_1_296' title='bbox 0 0 1454 4709; x_wconf 95' lang='lat' dir='ltr'> </span> 
     </span>
    </p>
   </div>
  </div>
 </body>
</html>
