2825 4709
168 393 314 454 um.
597 304 797 418 a

246 531 428 608 Conciliat
452 529 557 604 etiam
582 543 809 623 apparentem
835 530 1197 612 contradidcionem
1186 558 1227 616 tu
1263 575 1273 630 ι

171 656 361 753 Religione
376 649 517 741 nostra,
541 669 611 740 qua
635 669 755 724 unum
771 640 912 743 quidem
934 652 1051 728 Deum
1074 654 1226 748 profite·
1247 685 1273 766 μ’

170 799 272 867 mur,
296 774 464 848 &tamen
477 789 554 842 non
569 781 704 862 patrem
710 765 847 862 solum,
858 768 916 844 sed
933 773 966 845 u
982 769 1090 850 filium
1104 763 1273 855 Deum
1263 821 1273 871 i:

170 899 330 974 dicimus.
380 890 471 966 Cum
496 889 672 978 dicimus,
697 889 883 980 inquitlrb.
892 913 915 984 4
937 895 1002 988 cap.
1016 915 1077 992 29
1105 891 1239 972 Deum
1262 937 1273 989 η

138 1111 143 1118 ¹
169 1030 308 1117 patrem
326 1007 507 1103 &filium,
532 1006 982 1105 uon‚diversumdicimus,
1007 1033 1076 1086 nec
1091 1031 1228 1091 utrum·
1263 1057 1273 1109 ³

171 1159 242 1232 que
267 1131 499 1220 secernimus,
526 1129 607 1219 quia
623 1147 696 1208 nec¹
707 1141 809 1222 pater
824 1130 894 1212 stne
910 1127 986 1204 filio
1004 1131 1073 1204 effe
1091 1136 1225 1233 potest,
1265 1177 1273 1234 t

170 1276 241 1333 uec
258 1250 351 1327 filius
368 1271 388 1322 a
403 1262 504 1340 patre
526 1245 681 1339 secerni,
708 1245 875 1339 siquidem
892 1270 963 1327 nec
978 1266 1079 1342 pater
1097 1254 1169 1328 fine
1184 1253 1227 1332 fi·
1268 1241 1273 1349 ξ

170 1375 221 1462 lio
240 1368 465 1461 nuncupari,
490 1386 560 1439 nec
586 1361 678 1438 filius
703 1365 826 1459 potest
845 1368 917 1440 fine
934 1385 1035 1464 patre
1053 1378 1227 1466 generari-
1268 1417 1272 1462 <

171 1492 287 1568 Cum
278 1492 385 1586 igitur
402 1488 436 1560 dt
451 1500 551 1581 patet
567 1482 677 1558 fitium
694 1486 823 1580 saciat,
830 1486 863 1560 u
879 1484 972 1561 filius
987 1504 1138 1600 patrem,
1155 1491 1229 1572 una'

132 1700 134 1708 y
170 1616 314 1710 utrique
329 1627 451 1699 mens,
476 1627 567 1678 tinus
587 1602 749 1698 spiritus,
775 1625 846 1678 una
868 1605 1053 1682 substantia
1073 1611 1141 1687 est:
1167 1613 1228 1690 sed
1258 1615 1273 1642 ’·

171 1736 234 1814 iile
260 1728 354 1822 quasa
378 1727 576 1800 exuberans
601 1707 685 1796 fon's
706 1721 784 1815 est,
805 1724 863 1796 hic
881 1741 1046 1818 tanquam
1066 1731 1227 1822 defluens

173 1873 283 1934 exeo
301 1851 422 1935 rivus,
448 1846 507 1916 ilie
524 1859 689 1935 tanquam
704 1839 778 1932 sol,
803 1843 862 1915 hic
876 1848 968 1935 quasi
985 1850 1135 1925 radiosa
1151 1852 1229 1930 sole
1249 1893 1251 1900 ·

174 1969 383 2076 portemus,
416 1966 476 2056 qui
500 1963 668 2070 quoniam
689 1959 823 2071 summo
851 1966 943 2055 patri
966 1967 999 2038 dr
1024 1967 1159 2070 fidelis,
1192 1974 1229 2048 ἀ

172 2112 276 2174 carus
291 2087 362 2181 est,
387 2082 672 2175 nonseparatur,
697 2081 786 2155 sicut
802 2099 869 2154 nec
887 2088 986 2160 rivus
1001 2090 1229 2185 asontunec

172 2210 290 2290 radius
308 2203 445 2286 asole;⁴
459 2204 539 2302 quia
559 2201 593 2273 u
610 2221 697 2292 aqua
713 2200 825 2278 fontis
843 2204 880 2276 in
895 2206 978 2278 rivo
995 2208 1066 2301 est,
1093 2213 1127 2282 ὰ
1141 2212 1228 2291 solis

171 2328 343 2410 tumeam
358 2326 472 2399 radio.
507 2321 557 2396 Et
570 2322 679 2416 paulo
692 2320 952 2417 postexemplo
968 2327 1041 2401 hoe
1059 2330 1226 2411 illustrat:

175 2452 267 2527 Cum
282 2447 358 2541 quis
373 2447 481 2521 habet
494 2441 631 2532 filium,
656 2461 760 2532 quem
776 2442 881 2514 unice
898 2444 1022 2543 diligit,
1033 2452 1093 2539 qui
1109 2464 1230 2531 tamen
1250 2424 1256 2436 ’

172 2576 218 2670 sit
232 2573 269 2645 in
285 2570 395 2644 domo
412 2566 445 2639 &
460 2585 566 2638 manu
581 2564 711 2655 patris,
734 2563 822 2632 iicet
847 2561 880 2634 ei
905 2584 1037 2639 nomen
1062 2569 1227 2671 Domini,

172 2688 458 2789 potestatemque
483 2684 681 2775 concedat,
707 2682 806 2755 civili
822 2695 939 2758 tamen
949 2686 1030 2776 jure
1047 2687 1081 2759 dc
1098 2690 1228 2770 domus
1253 2695 1257 2708 ”

173 2828 267 2901 una,
293 2805 434 2878 &unus
451 2801 627 2874 Dominus
647 2804 861 2876 nominatur.
912 2804 967 2880 lta
991 2805 1050 2877 hic
1075 2787 1255 2886 mundus¹

171 2950 245 3006 una
269 2926 339 3000 Dei
361 2924 489 2998 domus
509 2918 580 3012 est,
607 2918 640 2991 δι
657 2915 750 2990 filius
767 2933 942 3015 reputer,
970 2926 1028 3013 qui
1042 2931 1227 3007 unanimes

175 3048 342 3128 incolunt
362 3037 549 3131 mundum,
576 3037 676 3111 Deus
696 3059 809 3128 unus,
837 3040 962 3128 quia&
978 3063 1070 3116 unus
1086 3048 1138 3123 est
1154 3044 1247 3126 tan.'

177 3189 282 3263 quam
302 3164 396 3252 duo,
423 3158 545 3231 &duo
561 3150 727 3249 tanquam
744 3178 845 3232 unus.
884 3158 1016 3251 Neque
1033 3164 1069 3264 id
1086 3170 1228 3265 mirum,
1264 3189 1273 3244 γ.

178 3283 309 3364 cum&
326 3277 473 3354 filius'fit
486 3278 523 3350 in
542 3292 663 3373 patre,
688 3280 770 3370 quia
790 3292 891 3372 pater
905 3278 1017 3375 diligit
1032 3280 1164 3378 silium,
1193 3291 1234 3364 dt.
1258 3281 1272 3340 '³

176 3390 278 3505 pater
291 3404 329 3474 in
343 3397 441 3492 filio,
468 3391 549 3489 quia
566 3398 745 3470 voluntati
764 3400 872 3491 patris
890 3394 1042 3474 fideliter
1058 3421 1168 3500 paret.
1180 3406 1229 3481 Et

173 3520 360 3604 sitbfinem
374 3519 528 3611 capitisr‘
551 3516 655 3591 Unus
671 3517 723 3592 est
740 3516 856 3610 solus,
882 3519 996 3612 iiber,
1021 3521 1120 3596 Deus
1139 3523 1229 3599 sum·

177 3667 278 3736 mus,
303 3659 435 3716 carens·
446 3641 604 3741 origine,
628 3638 712 3730 quia
727 3636 798 3730 ipse
810 3637 861 3710 est
876 3640 981 3737 origo
998 3633 1126 3733 rerum,
1139 3642 1174 3714 u
1191 3647 1230 3720 in

176 3788 225 3865 eo
243 3764 341 3838 simul
357 3761 391 3833 u
405 3754 519 3852 filius,
544 3757 711 3832 &omnia
733 3760 975 3833 continentur.
994 3762 1229 3855 Quapropter

176 3907 259 3961 cum
275 3902 374 3959 mens
388 3879 422 3952 δι
437 3879 607 3950 voluntas
625 3878 795 3950 alterius
786 3900 822 3950 rn
836 3878 951 3951 altero
970 3877 1023 3967 srt,
1034 3878 1092 3948 vei
1105 3881 1228 3970 potius

173 3995 604 4147 manumquemerito
621 4013 712 4071 unus
727 3995 828 4073 Deus
844 4010 994 4092 uterque
1010 3994 1226 4091 appellatur:

220 4155 224 4160 -
1086 4098 1168 4188 quia
1243 4143 1246 4149 -
