2825 4709
528 379 539 392 ⁸
604 393 810 432 m

173 423 203 483 ¹
606 435 808 458 --——-.-·

256 560 665 668 Lucurnunc'effet,
695 568 740 654 dr
756 575 944 680 tempus,
970 568 1029 652 mi
1047 564 1234 672 Andresi,

170 723 223 790 ut
236 727 380 787 meum
392 693 655 789 [astantium
671 699 1235 819 commendaremquamque

170 841 287 925 omni
301 835 397 948 jure
421 837 588 953 optimis
611 839 757 923 veteris
773 832 882 922 Latii
899 830 1162 954 scriptoribus
1186 835 1235 924 sit

167 968 516 1075 adnumerandus,
530 968 801 1069 ostenderem,
818 967 955 1083 deque
969 973 1053 1056 mei
1068 970 1232 1076 consilii,

173 1106 226 1195 de
242 1101 470 1193 differendo
493 1105 624 1223 usque
640 1101 691 1191 ad
707 1103 820 1190 hunc
836 1102 1094 1217 scriptorem,
1125 1103 1234 1192 dedi·
1265 1124 1268 1130 ’

168 1237 306 1328 candae
315 1237 418 1327 Tibi
427 1243 549 1352 partis
559 1237 790 1351 cujusdam
808 1240 1017 1353 patristicae
1026 1266 1130 1327 meae
1138 1238 1230 1327 Bib-

165 1371 366 1477 liothecae,
384 1372 527 1461 debito
542 1372 613 1461 diu
631 1373 781 1479 officio,
797 1376 840 1462 &
856 1399 908 1460 ex
923 1373 1041 1462 diciis
1058 1372 1230 1492 quidem
1258 1460 1268 1472 ,

164 1508 302 1598 caufis
299 1506 393 1593 huc
412 1501 658 1613 differendo,
683 1487 884 1597 constaret
903 1508 1096 1638 legitima
1109 1511 1227 1595 r'ctio.

116 1655 118 1660 ’
162 1634 357 1756 Tempus
374 1668 486 1729 nune
505 1667 680 1758 quoque
699 1642 855 1732 ciserae
876 1611 992 1731 loc'us
1012 1668 1227 1758 promote
1246 1725 1251 1732 .

87 1813 90 1818 ’
159 1776 268 1868 mihi
290 1776 383 1864 alias
408 1775 515 1862 Patri
539 1775 700 1864 cuidam
728 1804 871 1866 recens
896 1780 1008 1867 edito
1037 1757 1227 1892 prae‘fanti

139 1901 141 1906 ’
162 1910 379 2014 consueto,
407 1908 459 1997 de
482 1908 717 2015 Lactantio,
746 1911 859 1999 unde
876 1913 920 2012 δι,
935 1911 1066 2028 qualis
1080 1912 1223 1999 rursus

85 2116 90 2131 .
159 2051 207 2135 in
223 2073 375 2133 novam
390 2046 527 2138 lucem
546 2044 741 2161 prodeat,
758 2045 995 2134 disserendi:
1025 2044 1224 2141 sedhabe·

158 2182 227 2269 bis
250 2175 559 2270 interimfidem
583 2178 688 2265 mihi
711 2177 763 2266 de
787 2177 883 2269 fasti
906 2182 1005 2268 huic
1035 2179 1222 2294 scriptori

158 2315 284 2433 elogii
299 2318 470 2402 veritate
487 2312 713 2427 spondenti,
723 2314 1115 2431 moxBiographiam
1131 2315 1222 2429 ejus

157 2450 420 2565 subjungam,
436 2446 777 2536 &illustrioribus
788 2454 1026 2539 testimoniis
1035 2447 1218 2536 ibihunc

154 2584 213 2689 illi
228 2583 432 2672 honorem
446 2579 686 2694 vindicab03
714 2583 795 2697 ipsa
812 2586 907 2673 dein
924 2611 1048 2742 opera
1063 2584 1093 2669 sr
1109 2585 1220 2700 lego

145 2719 229 2819 ris,
258 2743 383 2804 nemo
400 2721 468 2820 Te
483 2715 633 2805 melius
662 2647 715 2804 de
730 2716 938 2808 classico
900 2749 991 2833 ejus
1006 2724 1113 2808 inter
1127 2719 1216 2806 Lit-

123 2871 303 2954 ,teratos
319 2850 478 2952 valore,
509 2851 666 2940 stamet.
800 2827 886 2910 s

231 2986 366 3075 Nova
394 2985 520 3097 hujus
549 2983 738 3075 editionis
767 2969 1069 3077 Oeconomiam
1097 2988 1215 3107 quod

150 3123 314 3222 attinet,
342 3117 452 3232 ipse
440 3147 524 3232 Jam
539 3117 766 3206 voluminis
783 3120 948 3226 titulus,
977 3121 1089 3210 unde
1118 3151 1211 3211 eam

90 3257 103 3298 ¹
148 3277 348 3369 repetam,
367 3280 450 3368 prae
469 3252 508 3339 se
523 3248 626 3356 fert,
653 3251 836 3369 requua
825 3281 867 3340 1n
879 3253 1069 3344 litterano
1083 3258 1210 3372 hujus

94 3391 96 3394 ’
148 3387 366 3504 scriptoris
370 3387 554 3490 historia,
582 3386 672 3500 ejus
689 3386 940 3505 Biographiae
959 3389 1209 3574 subjicienda¹

91 3531 94 3542 '
147 3521 322 3613 docebo.
524 3602 526 3608 .

233 3653 442 3750 Finiissem
458 3681 559 3772 ergo
574 3659 922 3767 nuncupatoriam
941 3595 993 3745 ad
1008 3662 1089 3762 Te,
1111 3664 1209 3746 ami·

145 3821 193 3883 ce
214 3797 389 3907 optime,
422 3790 654 3904 epistolam,
684 3817 762 3876 nec
790 3790 877 3877 nisi
888 3819 968 3906 pro
994 3795 1091 3879 Tua
1117 3792 1205 3881 diu·

143 3951 268 4018 turna
282 3922 514 4014 valetudine
528 3920 707 4010 facienda
724 3947 820 4010 vota
828 3923 1072 4041 superessent
1079 3928 1202 4016 nuhr

142 4059 211 4157 scd
236 4060 431 4242 succurrit
455 4057 620 4170 adhuc,
642 4057 760 4182 quod
787 4082 828 4149 tc
848 4089 1062 4152 moneam:
1099 4066 1201 4178 intc·
1211 4051 1214 4056 ’
1243 4141 1248 4150 ,

845 4293 847 4297 ,
1015 4225 1185 4314 grum
