2825 4709
270 313 1025 442 ·1„1³anV11·1³1tV1MBffl-³ae
1123 321 1197 414 445

109 475 120 524 ·’
148 505 301 584 quorum
319 481 496 557 suavitate
520 480 730 575 capiuntur,
762 479 962 557 &virtutis
982 481 1201 560 viam'deso

95 573 120 622 Ξ
146 585 380 680 runt‚'cujus
403 583 597 656 acerbitate
622 579 866 660 offenduntur.
917 581 1012 658 Nam
1034 584 1094 676 qui
1112 606 1197 658 ava·

95 674 119 744 ἶ
146 692 248 779 titia,
282 687 315 757 ἃ
334 704 443 779 opum
464 683 670 777 inexplebili
685 684 833 776 quadam
851 683 904 756 liti
919 682 1090 779 flagrant,
1109 688 1199 780 [quia

95 775 119 864 ἶ,
146 807 224 865 non
249 783 392 881 possunt
413 784 590 874 venditis,
616 797 678 856 aut
695 783 961 882 dilargitis'quae
980 797 1118 876 amant,
1144 797 1198 858 te-

95 854 120 962 3.
146 887 211 966 nui
236 888 335 958 cultu
359 885 470 957 vitam
497 884 646 978 degere,
671 882 744 956 stne
769 884 880 956 dubio
906 885 1043 957 malunt
1066 883 1101 956 id
1127 881 1199 958 elle

95 977 119 1025 ⁵¹
146 984 287 1083 fidum,
308 1005 381 1076 quo
397 983 572 1056 defideriis
587 982 654 1055 suis
671 984 875 1056 renuntiare
889 997 1078 1080 coguntur.
1105 982 1198 1061 Item

95 1076 118 1146 -3
148 1088 209 1179 qui
227 1086 410 1160 libidinum
426 1083 570 1157 stimulis
586 1076 745 1174 incitati,
772 1080 834 1179 (ut
847 1084 896 1155 ait
910 1080 1041 1180 poeta)
1195 1125 1200 1132 -

100 1235 104 1240 -
322 1188 360 1255 ln
379 1183 487 1274 furias
513 1190 672 1277 ignemque
698 1199 812 1268 ruunt,
1063 1185 1070 1196 “

95 1277 116 1346 ²-
147 1286 272 1377 utique
287 1283 506 1356 incredibilia
517 1303 585 1354 nos
602 1278 730 1354 afferre
745 1282 888 1371 dicunt3
908 1282 1198 1375 quiavulnerunt

102 1377 115 1468 Ξ
148 1407 249 1459 aures
266 1404 391 1455 eorum
408 1397 586 1475 praecepta
602 1382 859 1474 continentioe,
885 1402 963 1474 que
987 1383 1068 1454 illos
1089 1403 1108 1454 a
1129 1401 1198 1455 vo·
1245 1449 1248 1457 .

95 1475 113 1524 ¹
146 1486 342 1576 luptatibus
360 1480 426 1553 suis
439 1482 658 1573 prohibent,
685 1482 812 1572 quibus
830 1481 979 1555 animam
1001 1480 1094 1554 suam
1114 1499 1204 1558 cum-

95 1579 112 1628 Ξ
147 1593 306 1676 corpore
322 1581 624 1673 adjudicaverunt.
661 1581 734 1681 Qui
750 1601 843 1652 vero
859 1579 1055 1653 ambitione
1067 1579 1196 1672 inflati,
1230 1674 1232 1679 Ι

95 1679 110 1774 ,¹
146 1697 208 1756 aut
230 1702 351 1755 amore
368 1680 542 1774 potentiae
559 1679 785 1774 inflammati,
809 1701 918 1754 omne
933 1679 1082 1758 studium
1098 1677 1198 1754 suum

95 1777 108 1826 ²
146 1782 191 1855 ad
216 1781 375 1855 honores
403 1780 638 1870 acquirendos
667 1782 926 1870 contulerunt,
962 1801 1009 1852 ne
1035 1779 1059 1852 sr
1084 1777 1196 1854 solem

95 1875 106 1922 ἰ
146 1882 286 1973 quidem
309 1878 418 1972 ipsum
440 1878 612 1974 gestemus
638 1879 674 1950 in
689 1869 879 1970 manibus,
906 1876 1012 1956 fidem
1035 1871 1204 1988 copmh..

95 1987 103 2020 ·“
145 1982 281 2053 dabunt
297 1981 329 2051 ei
347 1977 532 2069 doitrinae,
560 1997 636 2067 quae
650 1979 733 2050 illos
746 1979 850 2069 jubet
865 1979 962 2052 omni
982 1982 1145 2072 potentia
1159 1977 1196 2052 dt
1292 2023 1303 2042 ι

95 2077 107 2140 ³.
143 2079 287 2152 honore
310 2090 523 2167 contempto
546 2076 694 2162 humiles
717 2078 865 2170 vivere,
892 2091 998 2169 atque
1017 2079 1066 2150 ita
1082 2077 1204 2154 huni.

95 2175 105 2228 ³
145 2181 220 2269 les,
253 2191 294 2248 ut
315 2177 347 2247 dr
368 2174 530 2267 accipere
550 2175 712 2266 injuriam
734 2175 889 2271 posint,
912 2175 945 2248 dt
971 2177 1111 2250 referre
1127 2197 1195 2250 no·
1293 2183 1297 2190 '

95 2283 103 2328 ³
143 2278 232 2365 lint,
256 2271 509 2367 sracceperint.
564 2272 887 2366 lisunthornines,
913 2276 974 2365 qui
990 2291 1194 2349 contrave-

95 2377 103 2430 ἔ
143 2378 285 2449 ritatem
299 2374 420 2448 clauhs
435 2374 551 2446 oculis
567 2393 716 2466 quoquo
728 2374 840 2447 modo
854 2375 994 2450 latrant.
1046 2376 1118 2474 Qui
1134 2394 1194 2446 au·

95 2479 102 2532 l
144 2489 216 2549 tem
239 2474 308 2547 sani
327 2473 430 2565 sunt,
459 2476 519 2545 vel
539 2486 666 2565 erunt,
691 2472 814 2565 idest,
840 2493 915 2546 non
938 2473 988 2546 ita
1011 2474 1108 2546 vitiis
1130 2474 1195 2548 im·

95 2581 102 2670 ξ
144 2575 264 2664 mersi,
291 2589 331 2645 ut
343 2567 549 2646 insanabiles
565 2571 650 2665 sint,
676 2570 873 2647 &credent
886 2573 962 2666 his,
988 2573 1195 2654 &libenter-

95 2673 101 2772 ξ
144 2675 337 2761 accedent3
365 2670 828 2765 &quecumquedicimus‚
853 2686 996 2766 aperta,
1023 2671 1192 2767 uprana,

95 2784 100 2866 l
143 2774 176 2847 u
199 2774 386 2865 simplicia,
421 2772 454 2843 dr
476 2771 573 2863 quod
592 2763 745 2845 maxime
766 2791 858 2866 opus
876 2772 947 2866 est,
975 2792 1062 2846 vera
1083 2773 1117 2846 ἀ
1138 2774 1192 2850 in·

95 2881 99 2970 ξ
141 2871 475 2968 expugnabiliaillis
497 2870 727 2947 videbuntur.
1059 2939 1065 2954 ,
1159 2863 1191 2934 “.

95 2983 98 3029 l
218 2971 338 3044 Nemo
352 2970 476 3043 virtuti
490 2970 605 3060 favet,
613 2968 675 3042 nisa
690 2972 749 3061 qui
759 2969 855 3061 sequi
869 2970 1006 3064 potest3
1025 2969 1119 3067 sequi
1131 2991 1193 3046 au·

142 3085 216 3143 tern
228 3092 302 3143 non
316 3070 420 3143 facile
437 3069 487 3142 est
500 3071 684 3142 omnibus:
697 3070 723 3141 ii
735 3068 991 3163 poffuncquos
1002 3084 1191 3164 paupertas

144 3170 311 3242 &rerum
330 3169 522 3265 indigentia
540 3171 723 3260 exercuit,
754 3169 789 3241 dr
808 3189 957 3265 capaces
975 3170 1120 3242 virtutis
1140 3167 1194 3244 ef·
1244 3165 1248 3176 ’
1267 3179 1272 3190 “

141 3269 242 3343 fecit.
301 3267 395 3341 Nam
416 3270 441 3341 sr
465 3269 579 3340 virtus
604 3267 656 3341 est
678 3265 872 3341 tolerantia
891 3269 1087 3357 malorum3
1113 3289 1207 3344 non·

136 3370 287 3464 capiunt
302 3387 394 3463 ergo
407 3369 601 3458 virtutem,
627 3368 686 3458 qui
705 3364 840 3463 semper
852 3368 890 3440 in
907 3369 1011 3440 bonis
1029 3366 1191 3462 fuerunt,

95 3483 97 3494 ⁴
141 3470 223 3560 quia
247 3469 336 3539 mala
359 3487 475 3559 neque
496 3466 635 3558 experti
657 3462 760 3558 sunt,
795 3487 913 3559 neque
930 3466 1027 3540 ferre
1048 3465 1193 3560 poliunt

96 3571 97 3576 '
142 3566 360 3641 ailuetudine
381 3586 423 3656 ac
441 3565 616 3638 desiderio
634 3566 845 3658 bonorum,
881 3586 958 3657 quae
978 3563 1052 3638 sola
1073 3586 1191 3642 nove·

140 3683 237 3740 runt.
288 3663 346 3736 Eo
365 3661 430 3754 fit,
455 3678 496 3736 ut
517 3684 689 3759 pauperes
709 3664 742 3736 dt
762 3665 911 3738 humiles
933 3664 1017 3738 Deo
1041 3665 1190 3740 credant

141 3764 301 3855 facilius,
334 3760 490 3856 quisunt
511 3764 688 3856 expediti,
720 3784 823 3854 quam
844 3763 998 3859 divites,
1024 3765 1084 3856 qui
1109 3763 1191 3837 sunt

138 3863 399 3957 impedimentis
419 3862 577 3953 pluribus
596 3861 785 3956 implicati:
817 3864 891 3937 imo
918 3881 1008 3937 veto
1034 3863 1191 3938 catenati

140 3963 175 4039 dr
193 3962 388 4060 compediti
405 3959 565 4038 serviunt
583 3961 627 4037 ad
645 3977 775 4056 nutum
796 3961 949 4040 domine
970 3963 1190 4062 cupiditatis,

1063 4083 1142 4155 quae
